,time1,Spread,Mid-price,volume_buy1,price_buy1,price_sell1,volume_sell1,time2,volume_buy2,price_buy2,price_sell2,volume_sell2,time3,volume_buy3,price_buy3,price_sell3,volume_sell3,time4,volume_buy4,price_buy4,price_sell4,volume_sell4,time5,volume_buy5,price_buy5,price_sell5,volume_sell5
0,1397/7/21 6:01:23,3800,61900,23,60000,63800,93,6:01:23,850,59068,65000,1000,6:01:23,4000,59068,65140,494,6:01:23,1000,58945,65148,3556,6:01:23,20,58944,69720,70
1,1397/7/21 8:30:08,0,65405,50000,65405,65405,5143,8:30:08,23,60000,69720,70,8:30:08,850,60000,0,0,8:30:08,4000,59000,0,0,8:30:08,1000,58945,0,0
2,1397/7/21 8:30:08,0,65405,50000,65405,65405,5143,8:30:08,23,60000,69720,70,8:30:11,210,60000,0,0,8:30:11,850,59068,0,0,8:30:11,4000,59000,0,0
3,1397/7/21 8:30:13,0,65405,55000,65405,65405,5143,8:30:08,23,60000,69720,70,8:30:11,210,60000,0,0,8:30:11,850,59068,0,0,8:30:11,4000,59000,0,0
4,1397/7/21 8:30:13,0,65405,55000,65405,65405,5143,8:30:16,150,62000,69720,70,8:30:16,23,62000,0,0,8:30:16,210,59200,0,0,8:30:16,850,59068,0,0
5,1397/7/21 8:30:13,0,65405,55000,65405,65405,5143,8:30:16,150,62000,69720,70,8:30:19,457,62000,0,0,8:30:16,210,59200,0,0,8:30:16,850,59068,0,0
6,1397/7/21 8:30:22,0,65405,55000,65405,65405,5643,8:30:16,150,62000,69720,70,8:30:19,457,62000,0,0,8:30:16,210,59200,0,0,8:30:16,850,59068,0,0
7,1397/7/21 8:30:24,0,65405,55000,65405,65405,6249,8:30:16,150,62000,69720,70,8:30:19,457,62000,0,0,8:30:16,210,59200,0,0,8:30:16,850,59068,0,0
8,1397/7/21 8:30:25,0,65405,55000,65405,65405,6699,8:30:16,150,62000,69720,70,8:30:19,457,62000,0,0,8:30:25,300,59400,0,0,8:30:25,210,59200,0,0
9,1397/7/21 8:30:27,0,65405,55000,65405,65405,6779,8:30:16,150,62000,69720,70,8:30:19,457,62000,0,0,8:30:25,300,59400,0,0,8:30:25,210,59200,0,0
10,1397/7/21 8:30:28,0,65405,55000,65405,65405,8779,8:30:16,150,62000,69720,70,8:30:28,607,62000,0,0,8:30:25,300,59400,0,0,8:30:25,210,59200,0,0
11,1397/7/21 8:30:29,0,65405,55000,65405,65405,10944,8:30:16,150,62000,69720,70,8:30:28,607,62000,0,0,8:30:25,300,59400,0,0,8:30:25,210,59200,0,0
12,1397/7/21 8:30:40,0,65405,55000,65405,65405,10992,8:30:16,150,62000,69720,70,8:30:28,607,62000,0,0,8:30:25,300,59400,0,0,8:30:25,210,59200,0,0
13,1397/7/21 8:30:45,0,65405,55000,65405,65405,20992,8:30:16,150,62000,69720,70,8:30:28,607,62000,0,0,8:30:25,300,59400,0,0,8:30:25,210,59200,0,0
14,1397/7/21 8:31:06,0,65405,60000,65405,65405,21322,8:30:16,150,62000,69720,70,8:30:28,607,62000,0,0,8:30:25,300,59400,0,0,8:30:25,210,59200,0,0
15,1397/7/21 8:31:07,0,65405,60000,65405,65405,22322,8:30:16,150,62000,69720,70,8:30:28,607,62000,0,0,8:30:25,300,59400,0,0,8:30:25,210,59200,0,0
16,1397/7/21 8:31:16,0,65405,60000,65405,65405,22363,8:30:16,150,62000,69720,70,8:30:28,607,62000,0,0,8:30:25,300,59400,0,0,8:30:25,210,59200,0,0
17,1397/7/21 8:31:18,0,65405,60000,65405,65405,24494,8:30:16,150,62000,69720,70,8:30:28,607,62000,0,0,8:30:25,300,59400,0,0,8:30:25,210,59200,0,0
18,1397/7/21 8:31:26,0,65405,60000,65405,65405,29494,8:30:16,150,62000,69720,70,8:30:28,607,62000,0,0,8:30:25,300,59400,0,0,8:30:25,210,59200,0,0
19,1397/7/21 8:31:29,0,65405,65000,65405,65405,29494,8:30:16,150,62000,69720,70,8:30:28,607,62000,0,0,8:30:25,300,59400,0,0,8:30:25,210,59200,0,0
20,1397/7/21 8:31:44,0,65405,65000,65405,65405,30494,8:30:16,150,62000,69720,70,8:30:28,607,62000,0,0,8:30:25,300,59400,0,0,8:30:25,210,59200,0,0
21,1397/7/21 8:31:54,0,65405,65000,65405,65405,31794,8:30:16,150,62000,69720,70,8:30:28,607,62000,0,0,8:30:25,300,59400,0,0,8:30:25,210,59200,0,0
22,1397/7/21 8:31:59,0,65405,65000,65405,65405,35886,8:30:16,150,62000,69720,70,8:30:28,607,62000,0,0,8:30:25,300,59400,0,0,8:30:25,210,59200,0,0
23,1397/7/21 8:32:00,0,65405,65000,65405,65405,37348,8:30:16,150,62000,69720,70,8:30:28,607,62000,0,0,8:30:25,300,59400,0,0,8:30:25,210,59200,0,0
24,1397/7/21 8:32:03,0,65405,65563,65405,65405,37348,8:30:16,150,62000,69720,70,8:30:28,607,62000,0,0,8:30:25,300,59400,0,0,8:30:25,210,59200,0,0
25,1397/7/21 8:32:07,0,65405,65563,65405,65405,38030,8:30:16,150,62000,69720,70,8:30:28,607,62000,0,0,8:30:25,300,59400,0,0,8:30:25,210,59200,0,0
26,1397/7/21 8:32:14,0,65405,65563,65405,65405,38570,8:30:16,150,62000,69720,70,8:30:28,607,62000,0,0,8:30:25,300,59400,0,0,8:30:25,210,59200,0,0
27,1397/7/21 8:32:18,0,65405,65563,65405,65405,40070,8:30:16,150,62000,69720,70,8:30:28,607,62000,0,0,8:30:25,300,59400,0,0,8:30:25,210,59200,0,0
28,1397/7/21 8:32:22,0,65405,65563,65405,65405,40570,8:30:16,150,62000,69720,70,8:30:28,607,62000,0,0,8:30:25,300,59400,0,0,8:30:25,210,59200,0,0
29,1397/7/21 8:32:23,0,65405,65563,65405,65405,40681,8:30:16,150,62000,69720,70,8:30:28,607,62000,0,0,8:30:25,300,59400,0,0,8:30:25,210,59200,0,0
30,1397/7/21 8:32:26,0,65405,65563,65405,65405,41181,8:30:16,150,62000,69720,70,8:30:28,607,62000,0,0,8:30:25,300,59400,0,0,8:30:25,210,59200,0,0
31,1397/7/21 8:32:28,0,65405,65563,65405,65405,42011,8:30:16,150,62000,69720,70,8:30:28,607,62000,0,0,8:30:25,300,59400,0,0,8:30:25,210,59200,0,0
32,1397/7/21 8:32:32,0,65405,65563,65405,65405,42811,8:30:16,150,62000,69720,70,8:30:28,607,62000,0,0,8:30:25,300,59400,0,0,8:30:25,210,59200,0,0
33,1397/7/21 8:32:35,0,65405,65563,65405,65405,44811,8:30:16,150,62000,69720,70,8:30:28,607,62000,0,0,8:30:25,300,59400,0,0,8:30:25,210,59200,0,0
34,1397/7/21 8:32:38,0,65405,65563,65405,65405,44839,8:30:16,150,62000,69720,70,8:30:28,607,62000,0,0,8:30:25,300,59400,0,0,8:30:25,210,59200,0,0
35,1397/7/21 8:32:39,0,65405,65563,65405,65405,54839,8:30:16,150,62000,69720,70,8:30:28,607,62000,0,0,8:30:25,300,59400,0,0,8:30:25,210,59200,0,0
36,1397/7/21 8:32:40,0,65405,65563,65405,65405,55039,8:30:16,150,62000,69720,70,8:30:28,607,62000,0,0,8:30:25,300,59400,0,0,8:30:25,210,59200,0,0
37,1397/7/21 8:32:40,0,65405,65563,65405,65405,55039,8:32:42,5000,62111,69720,70,8:32:42,150,62111,0,0,8:32:42,607,60000,0,0,8:32:42,300,59400,0,0
38,1397/7/21 8:32:52,0,65405,65745,65405,65405,55039,8:32:42,5000,62111,69720,70,8:32:42,150,62111,0,0,8:32:42,607,60000,0,0,8:32:42,300,59400,0,0
39,1397/7/21 8:33:00,0,65405,65745,65405,65405,55124,8:32:42,5000,62111,69720,70,8:32:42,150,62111,0,0,8:32:42,607,60000,0,0,8:32:42,300,59400,0,0
40,1397/7/21 8:33:03,0,65405,65745,65405,65405,75124,8:32:42,5000,62111,69720,70,8:32:42,150,62111,0,0,8:32:42,607,60000,0,0,8:32:42,300,59400,0,0
41,1397/7/21 8:33:16,0,65405,65745,65405,65405,77624,8:32:42,5000,62111,69720,70,8:32:42,150,62111,0,0,8:32:42,607,60000,0,0,8:32:42,300,59400,0,0
42,1397/7/21 8:33:19,0,65405,65745,65405,65405,81904,8:32:42,5000,62111,69720,70,8:32:42,150,62111,0,0,8:32:42,607,60000,0,0,8:32:42,300,59400,0,0
43,1397/7/21 8:33:48,0,65405,65745,65405,65405,82904,8:32:42,5000,62111,69720,70,8:32:42,150,62111,0,0,8:32:42,607,60000,0,0,8:32:42,300,59400,0,0
44,1397/7/21 8:34:01,0,65405,65563,65405,65405,83904,8:32:42,5000,62111,69720,70,8:32:42,150,62111,0,0,8:34:01,807,60000,0,0,8:32:42,300,59400,0,0
45,1397/7/21 8:34:03,0,65405,65563,65405,65405,85904,8:32:42,5000,62111,69720,70,8:32:42,150,62111,0,0,8:34:01,807,60000,0,0,8:32:42,300,59400,0,0
46,1397/7/21 8:34:11,0,65405,65563,65405,65405,86155,8:32:42,5000,62111,69720,70,8:32:42,150,62111,0,0,8:34:01,807,60000,0,0,8:32:42,300,59400,0,0
47,1397/7/21 8:34:14,0,65405,65563,65405,65405,106155,8:32:42,5000,62111,69720,70,8:32:42,150,62111,0,0,8:34:01,807,60000,0,0,8:32:42,300,59400,0,0
48,1397/7/21 8:34:17,0,65405,65563,65405,65405,116155,8:32:42,5000,62111,69720,70,8:32:42,150,62111,0,0,8:34:01,807,60000,0,0,8:32:42,300,59400,0,0
49,1397/7/21 8:34:29,0,65405,65563,65405,65405,117155,8:32:42,5000,62111,69720,70,8:32:42,150,62111,0,0,8:34:01,807,60000,0,0,8:32:42,300,59400,0,0
50,1397/7/21 8:34:38,0,65405,65563,65405,65405,116155,8:32:42,5000,62111,69720,70,8:32:42,150,62111,0,0,8:34:01,807,60000,0,0,8:32:42,300,59400,0,0
51,1397/7/21 8:34:39,0,65405,65563,65405,65405,116755,8:32:42,5000,62111,69720,70,8:32:42,150,62111,0,0,8:34:01,807,60000,0,0,8:32:42,300,59400,0,0
52,1397/7/21 8:34:43,0,65405,65563,65405,65405,116805,8:32:42,5000,62111,69720,70,8:32:42,150,62111,0,0,8:34:01,807,60000,0,0,8:32:42,300,59400,0,0
53,1397/7/21 8:34:49,0,65405,65563,65405,65405,117105,8:32:42,5000,62111,69720,70,8:32:42,150,62111,0,0,8:34:01,807,60000,0,0,8:32:42,300,59400,0,0
54,1397/7/21 8:34:50,0,65405,65563,65405,65405,117057,8:32:42,5000,62111,69720,70,8:32:42,150,62111,0,0,8:34:01,807,60000,0,0,8:32:42,300,59400,0,0
55,1397/7/21 8:34:53,0,65405,65563,65405,65405,117707,8:32:42,5000,62111,69720,70,8:32:42,150,62111,0,0,8:34:01,807,60000,0,0,8:32:42,300,59400,0,0
56,1397/7/21 8:35:16,0,65405,65563,65405,65405,117907,8:32:42,5000,62111,69720,70,8:32:42,150,62111,0,0,8:34:01,807,60000,0,0,8:32:42,300,59400,0,0
57,1397/7/21 8:35:52,0,65405,65563,65405,65405,118307,8:32:42,5000,62111,69720,70,8:32:42,150,62111,0,0,8:34:01,807,60000,0,0,8:32:42,300,59400,0,0
58,1397/7/21 8:35:52,0,65405,65563,65405,65405,118307,8:32:42,5000,62111,69720,70,8:32:42,150,62111,0,0,8:36:03,1000,60734,0,0,8:36:03,807,60000,0,0
59,1397/7/21 8:36:13,0,65405,65563,65405,65405,118478,8:32:42,5000,62111,69720,70,8:32:42,150,62111,0,0,8:36:03,1000,60734,0,0,8:36:03,807,60000,0,0
60,1397/7/21 8:36:23,0,65405,65563,65405,65405,116478,8:32:42,5000,62111,69720,70,8:32:42,150,62111,0,0,8:36:03,1000,60734,0,0,8:36:03,807,60000,0,0
61,1397/7/21 8:36:30,0,65405,65563,65405,65405,136978,8:32:42,5000,62111,69720,70,8:32:42,150,62111,0,0,8:36:03,1000,60734,0,0,8:36:03,807,60000,0,0
62,1397/7/21 8:36:32,0,65405,65563,65405,65405,140978,8:32:42,5000,62111,69720,70,8:32:42,150,62111,0,0,8:36:03,1000,60734,0,0,8:36:03,807,60000,0,0
63,1397/7/21 8:36:42,0,65405,65000,65405,65405,140978,8:32:42,5000,62111,69720,70,8:32:42,150,62111,0,0,8:36:03,1000,60734,0,0,8:36:03,807,60000,0,0
64,1397/7/21 8:36:51,0,65405,65000,65405,65405,141028,8:32:42,5000,62111,69720,70,8:32:42,150,62111,0,0,8:36:03,1000,60734,0,0,8:36:03,807,60000,0,0
65,1397/7/21 8:36:55,0,65405,65000,65405,65405,143528,8:32:42,5000,62111,69720,70,8:32:42,150,62111,0,0,8:36:03,1000,60734,0,0,8:36:03,807,60000,0,0
66,1397/7/21 8:36:57,0,65405,65000,65405,65405,149528,8:32:42,5000,62111,69720,70,8:32:42,150,62111,0,0,8:36:03,1000,60734,0,0,8:36:03,807,60000,0,0
67,1397/7/21 8:37:08,0,65405,65000,65405,65405,149548,8:32:42,5000,62111,69720,70,8:32:42,150,62111,0,0,8:36:03,1000,60734,0,0,8:36:03,807,60000,0,0
68,1397/7/21 8:37:09,0,65405,65000,65405,65405,162248,8:32:42,5000,62111,69720,70,8:32:42,150,62111,0,0,8:36:03,1000,60734,0,0,8:36:03,807,60000,0,0
69,1397/7/21 8:37:15,0,65405,65000,65405,65405,162741,8:32:42,5000,62111,69720,70,8:32:42,150,62111,0,0,8:36:03,1000,60734,0,0,8:36:03,807,60000,0,0
70,1397/7/21 8:37:16,0,65405,65000,65405,65405,164741,8:32:42,5000,62111,69720,70,8:32:42,150,62111,0,0,8:36:03,1000,60734,0,0,8:36:03,807,60000,0,0
71,1397/7/21 8:37:16,0,65405,65000,65405,65405,164741,8:32:42,5000,62111,69720,70,8:32:42,150,62111,0,0,8:37:31,300,61000,0,0,8:37:31,1000,60734,0,0
72,1397/7/21 8:37:33,0,65405,65000,65405,65405,165841,8:32:42,5000,62111,69720,70,8:32:42,150,62111,0,0,8:37:31,300,61000,0,0,8:37:31,1000,60734,0,0
73,1397/7/21 8:37:37,0,65405,65000,65405,65405,168341,8:32:42,5000,62111,69720,70,8:32:42,150,62111,0,0,8:37:31,300,61000,0,0,8:37:31,1000,60734,0,0
74,1397/7/21 8:37:43,0,65405,65000,65405,65405,170841,8:32:42,5000,62111,69720,70,8:32:42,150,62111,0,0,8:37:31,300,61000,0,0,8:37:31,1000,60734,0,0
75,1397/7/21 8:37:47,0,65405,65000,65405,65405,172521,8:32:42,5000,62111,69720,70,8:32:42,150,62111,0,0,8:37:31,300,61000,0,0,8:37:31,1000,60734,0,0
76,1397/7/21 8:37:53,0,65405,65000,65405,65405,172739,8:32:42,5000,62111,69720,70,8:32:42,150,62111,0,0,8:37:31,300,61000,0,0,8:37:31,1000,60734,0,0
77,1397/7/21 8:37:54,0,65405,65228,65405,65405,172739,8:32:42,5000,62111,69720,70,8:32:42,150,62111,0,0,8:37:31,300,61000,0,0,8:37:31,1000,60734,0,0
78,1397/7/21 8:38:01,0,65405,65228,65405,65405,172992,8:32:42,5000,62111,69720,70,8:32:42,150,62111,0,0,8:37:31,300,61000,0,0,8:37:31,1000,60734,0,0
79,1397/7/21 8:38:23,0,65405,65228,65405,65405,173040,8:32:42,5000,62111,69720,70,8:32:42,150,62111,0,0,8:37:31,300,61000,0,0,8:37:31,1000,60734,0,0
80,1397/7/21 8:38:37,0,65404,15228,65404,65404,19212,8:38:37,50000,62120,65405,153858,8:38:37,5000,62120,69720,70,8:38:37,150,62000,0,0,8:38:37,300,61000,0,0
81,1397/7/21 8:38:37,0,65404,15228,65404,65404,19212,8:38:46,50000,62120,65405,174058,8:38:37,5000,62120,69720,70,8:38:37,150,62000,0,0,8:38:37,300,61000,0,0
82,1397/7/21 8:38:52,0,65404,15228,65404,65404,21712,8:38:52,50000,62120,65405,171558,8:38:37,5000,62120,69720,70,8:38:37,150,62000,0,0,8:38:37,300,61000,0,0
83,1397/7/21 8:38:58,0,65404,15228,65404,65404,23742,8:38:58,50000,62120,65405,169528,8:38:37,5000,62120,69720,70,8:38:37,150,62000,0,0,8:38:37,300,61000,0,0
84,1397/7/21 8:39:06,0,65404,15228,65404,65404,24002,8:39:06,50000,62120,65405,169268,8:38:37,5000,62120,69720,70,8:38:37,150,62000,0,0,8:38:37,300,61000,0,0
85,1397/7/21 8:39:08,0,65400,10228,65400,65400,10332,8:39:08,50000,62120,65404,13670,8:39:08,5000,62120,65405,169268,8:39:08,150,62000,69720,70,8:38:37,300,61000,0,0
86,1397/7/21 8:39:08,0,65400,10228,65400,65400,10332,8:39:09,50000,62120,65404,13718,8:39:09,5000,62120,65405,169220,8:39:08,150,62000,69720,70,8:38:37,300,61000,0,0
87,1397/7/21 8:39:12,0,65148,5228,65148,65148,6091,8:39:12,50000,62120,65350,2500,8:39:12,5000,62120,65400,1741,8:39:12,150,62000,65404,13718,8:39:12,300,61000,65405,169220
88,1397/7/21 8:39:20,0,65148,5228,65148,65148,8591,8:39:12,50000,62120,65350,2500,8:39:12,5000,62120,65400,1741,8:39:20,150,62000,65404,11218,8:39:12,300,61000,65405,169220
89,1397/7/21 8:39:21,0,62120,50228,62120,62120,650,8:39:21,5000,62111,63800,93,8:39:21,150,62111,64998,80,8:39:21,300,61000,65000,1218,8:39:21,1000,60734,65140,494
90,1397/7/21 8:39:21,0,62120,50228,62120,62120,650,8:39:21,5000,62111,63800,93,8:39:21,150,62111,64998,80,8:39:26,800,61000,65000,1218,8:39:21,1000,60734,65140,494
91,1397/7/21 8:39:38,0,62120,50388,62120,62120,650,8:39:21,5000,62111,63800,93,8:39:21,150,62111,64998,80,8:39:26,800,61000,65000,1218,8:39:21,1000,60734,65140,494
92,1397/7/21 8:39:42,0,62120,52388,62120,62120,650,8:39:21,5000,62111,63800,93,8:39:21,150,62111,64998,80,8:39:26,800,61000,65000,1218,8:39:21,1000,60734,65140,494
93,1397/7/21 8:39:45,0,62120,53388,62120,62120,650,8:39:21,5000,62111,63800,93,8:39:21,150,62111,64998,80,8:39:26,800,61000,65000,1218,8:39:21,1000,60734,65140,494
94,1397/7/21 8:39:46,0,62120,53388,62120,62120,3150,8:39:21,5000,62111,63800,93,8:39:21,150,62111,64998,80,8:39:26,800,61000,65000,1218,8:39:21,1000,60734,65140,494
95,1397/7/21 8:39:53,0,62120,52388,62120,62120,3150,8:39:21,5000,62111,63800,93,8:39:21,150,62111,64998,80,8:39:26,800,61000,65000,1218,8:39:21,1000,60734,65140,494
96,1397/7/21 8:39:57,0,62120,52388,62120,62120,3450,8:39:21,5000,62111,63800,93,8:39:21,150,62111,64998,80,8:39:26,800,61000,65000,1218,8:39:21,1000,60734,65140,494
97,1397/7/21 8:39:57,0,62120,52388,62120,62120,3450,8:39:21,5000,62111,63800,93,8:39:21,150,62111,64998,80,8:40:24,2000,61005,65000,1218,8:40:24,800,61000,65140,494
98,1397/7/21 8:39:57,0,62120,52388,62120,62120,3450,8:39:21,5000,62111,63800,93,8:39:21,150,62111,64998,80,8:40:24,2000,61005,65000,1218,8:40:32,300,61000,65140,494
99,1397/7/21 8:39:57,0,62120,52388,62120,62120,3450,8:39:21,5000,62111,63800,93,8:39:21,150,62111,64998,80,8:40:34,2000,61005,65000,1469,8:40:32,300,61000,65140,494
100,1397/7/21 8:39:57,0,62120,52388,62120,62120,3450,8:39:21,5000,62111,63800,93,8:40:51,15000,62111,64998,80,8:40:51,150,62000,65000,1469,8:40:51,2000,61005,65140,494
101,1397/7/21 8:39:57,0,62120,52388,62120,62120,3450,8:39:21,5000,62111,63800,93,8:41:04,15000,62111,64900,1000,8:41:04,150,62000,64998,80,8:41:04,2000,61005,65000,1469
102,1397/7/21 8:41:08,0,62120,52388,62120,62120,950,8:41:08,5000,62111,63800,2593,8:41:04,15000,62111,64900,1000,8:41:04,150,62000,64998,80,8:41:04,2000,61005,65000,1469
103,1397/7/21 8:41:10,0,62120,2388,62120,62120,950,8:41:08,5000,62111,63800,2593,8:41:04,15000,62111,64900,1000,8:41:04,150,62000,64998,80,8:41:04,2000,61005,65000,1469
104,1397/7/21 8:41:10,0,62120,2388,62120,62120,950,8:41:22,5000,62111,63800,93,8:41:22,15000,62111,64900,3500,8:41:04,150,62000,64998,80,8:41:04,2000,61005,65000,1469
105,1397/7/21 8:41:10,0,62120,2388,62120,62120,950,8:41:22,5000,62111,63800,93,8:41:22,15000,62111,64900,3500,8:41:04,150,62000,64998,80,8:41:33,2000,61005,65000,2969
106,1397/7/21 8:41:10,0,62120,2388,62120,62120,950,8:41:22,5000,62111,63800,93,8:41:37,15000,62111,64404,10115,8:41:37,150,62000,64900,3500,8:41:37,2000,61005,64998,80
107,1397/7/21 8:41:45,0,62120,2160,62120,62120,950,8:41:22,5000,62111,63800,93,8:41:37,15000,62111,64404,10115,8:41:37,150,62000,64900,3500,8:41:37,2000,61005,64998,80
108,1397/7/21 8:41:45,0,62120,2160,62120,62120,950,8:41:22,5000,62111,63800,93,8:41:55,15000,62111,64900,3500,8:41:55,150,62000,64998,80,8:41:55,2000,61005,65000,2969
109,1397/7/21 8:42:03,0,62120,2561,62120,62120,950,8:41:22,5000,62111,63800,93,8:41:55,15000,62111,64900,3500,8:41:55,150,62000,64998,80,8:41:55,2000,61005,65000,2969
110,1397/7/21 8:42:03,0,62120,2561,62120,62120,950,8:41:22,5000,62111,63800,93,8:41:55,15000,62111,64900,3500,8:42:21,150,62000,64998,729,8:41:55,2000,61005,65000,2969
111,1397/7/21 8:42:03,0,62120,2561,62120,62120,950,8:42:37,5000,62111,63500,218,8:42:37,15000,62111,63800,93,8:42:37,150,62000,64900,3500,8:42:37,2000,61005,64998,729
112,1397/7/21 8:42:03,0,62120,2561,62120,62120,950,8:42:37,5000,62111,63500,218,8:42:37,15000,62111,63800,93,8:42:50,150,62000,64900,1000,8:42:37,2000,61005,64998,729
113,1397/7/21 8:42:03,0,62120,2561,62120,62120,950,8:42:37,5000,62111,63500,218,8:42:37,15000,62111,63800,93,8:43:18,150,62000,64000,50,8:43:18,2000,61005,64900,1000
114,1397/7/21 8:42:03,0,62120,2561,62120,62120,950,8:42:37,5000,62111,63500,218,8:44:38,15000,62111,63800,353,8:43:18,150,62000,64000,50,8:43:18,2000,61005,64900,1000
115,1397/7/21 8:42:03,0,62120,2561,62120,62120,950,8:42:37,5000,62111,63500,218,8:44:38,15000,62111,63800,353,8:43:18,150,62000,64000,50,8:44:45,2000,61005,64899,17
116,1397/7/21 8:42:03,0,62120,2561,62120,62120,950,8:42:37,5000,62111,63500,218,8:44:38,15000,62111,63800,353,8:43:18,150,62000,64000,50,8:45:11,2000,61005,64900,1000
117,1397/7/21 8:45:30,0,62150,1401,62150,62150,950,8:45:30,2160,62120,63500,218,8:45:30,5000,62120,63800,353,8:45:30,15000,62110,64000,50,8:45:30,150,62000,64900,1000
118,1397/7/21 8:45:52,0,62150,1201,62150,62150,950,8:45:30,2160,62120,63500,218,8:45:30,5000,62120,63800,353,8:45:30,15000,62110,64000,50,8:45:30,150,62000,64900,1000
119,1397/7/21 8:45:52,0,62150,1201,62150,62150,950,8:45:30,2160,62120,63500,218,8:45:30,5000,62120,63800,353,8:46:38,15000,62110,63959,750,8:46:38,150,62000,64000,50
120,1397/7/21 8:45:52,0,62150,1201,62150,62150,950,8:47:24,2160,62120,63500,418,8:45:30,5000,62120,63800,353,8:46:38,15000,62110,63959,750,8:46:38,150,62000,64000,50
121,1397/7/21 8:45:52,0,62150,1201,62150,62150,950,8:47:24,2160,62120,63500,418,8:45:30,5000,62120,63800,353,8:47:25,15000,62110,63959,2285,8:46:38,150,62000,64000,50
122,1397/7/21 8:47:46,0,62150,1380,62150,62150,950,8:47:24,2160,62120,63500,418,8:45:30,5000,62120,63800,353,8:47:25,15000,62110,63959,2285,8:47:46,150,62000,64000,1487
123,1397/7/21 8:49:25,0,62150,16380,62150,62150,950,8:47:24,2160,62120,63500,418,8:45:30,5000,62120,63800,353,8:49:25,150,62000,63959,2285,8:49:25,100,61810,64000,1487
124,1397/7/21 8:50:15,0,62150,18380,62150,62150,950,8:47:24,2160,62120,63500,418,8:45:30,5000,62120,63800,353,8:49:25,150,62000,63959,2285,8:49:25,100,61810,64000,1487
125,1397/7/21 8:50:15,0,62150,18380,62150,62150,950,8:47:24,2160,62120,63500,418,8:45:30,5000,62120,63800,353,8:49:25,150,62000,63959,2285,8:50:51,100,61810,64000,1987
126,1397/7/21 8:50:15,0,62150,18380,62150,62150,950,8:52:40,2160,62120,63000,35,8:52:40,5000,62120,63500,418,8:52:40,150,62000,63800,353,8:52:40,100,61810,63959,2285
127,1397/7/21 8:50:15,0,62150,18380,62150,62150,950,8:52:40,2160,62120,63000,35,8:52:40,5000,62120,63500,418,8:52:49,9150,62000,63800,353,8:52:40,100,61810,63959,2285
128,1397/7/21 8:52:52,0,62150,17580,62150,62150,950,8:52:40,2160,62120,63000,35,8:52:40,5000,62120,63500,418,8:52:49,9150,62000,63800,353,8:52:40,100,61810,63959,2285
129,1397/7/21 8:52:52,0,62150,17580,62150,62150,950,8:53:41,2000,62120,63000,35,8:52:40,5000,62120,63500,418,8:52:49,9150,62000,63800,353,8:52:40,100,61810,63959,2285
130,1397/7/21 8:52:52,0,62150,17580,62150,62150,950,8:53:41,2000,62120,63000,35,8:52:40,5000,62120,63500,418,8:54:45,15150,62000,63800,353,8:52:40,100,61810,63959,2285
131,1397/7/21 8:55:11,0,62160,2769,62160,62160,950,8:55:11,17580,62150,63000,35,8:55:11,2000,62150,63500,418,8:55:11,5000,62111,63800,353,8:55:11,15150,62000,63959,2285
132,1397/7/21 8:56:26,0,62160,2769,62160,62160,7312,8:55:11,17580,62150,63000,35,8:55:11,2000,62150,63500,418,8:55:11,5000,62111,63800,353,8:55:11,15150,62000,63959,2285
133,1397/7/21 8:56:26,0,62160,2769,62160,62160,7312,8:56:40,17580,62150,63000,285,8:55:11,2000,62150,63500,418,8:55:11,5000,62111,63800,353,8:55:11,15150,62000,63959,2285
134,1397/7/21 8:56:26,0,62160,2769,62160,62160,7312,8:56:40,17580,62150,63000,285,8:55:11,2000,62150,63500,418,8:57:24,15150,62000,63800,353,8:57:24,100,61810,63959,2285
135,1397/7/21 8:56:26,0,62160,2769,62160,62160,7312,8:56:40,17580,62150,63000,285,8:55:11,2000,62150,63500,418,8:57:33,15150,62000,63799,200,8:57:33,100,61810,63800,353
136,1397/7/21 8:56:26,0,62160,2769,62160,62160,7312,8:58:02,2580,62150,63000,285,8:55:11,2000,62150,63500,418,8:57:33,15150,62000,63799,200,8:57:33,100,61810,63800,353
137,1397/7/21 8:58:20,0,62160,3769,62160,62160,7312,8:58:02,2580,62150,63000,285,8:55:11,2000,62150,63500,418,8:57:33,15150,62000,63799,200,8:57:33,100,61810,63800,353
138,1397/7/21 8:58:23,0,62160,3769,62160,62160,7562,8:58:02,2580,62150,63000,285,8:55:11,2000,62150,63500,418,8:57:33,15150,62000,63799,200,8:57:33,100,61810,63800,353
139,1397/7/21 8:58:56,0,62160,3769,62160,62160,7612,8:58:02,2580,62150,63000,285,8:55:11,2000,62150,63500,418,8:57:33,15150,62000,63799,200,8:57:33,100,61810,63800,353
140,1397/7/21 8:58:56,0,62160,3769,62160,62160,7612,8:59:22,2580,62150,63000,381,8:55:11,2000,62150,63500,418,8:57:33,15150,62000,63799,200,8:57:33,100,61810,63800,353
141,1397/7/21 8:58:56,0,62160,3769,62160,62160,7612,9:00:00,2580,62150,63000,431,8:55:11,2000,62150,63500,418,8:57:33,15150,62000,63799,200,8:57:33,100,61810,63800,353
142,1397/7/21 9:00:03,0,62160,5769,62160,62160,7612,9:00:00,2580,62150,63000,431,8:55:11,2000,62150,63500,418,8:57:33,15150,62000,63799,200,8:57:33,100,61810,63800,353
143,1397/7/21 9:00:05,0,62160,10769,62160,62160,7612,9:00:00,2580,62150,63000,431,8:55:11,2000,62150,63500,418,8:57:33,15150,62000,63799,200,8:57:33,100,61810,63800,353
144,1397/7/21 9:00:09,0,62160,10769,62160,62160,10412,9:00:00,2580,62150,63000,431,8:55:11,2000,62150,63500,418,8:57:33,15150,62000,63799,200,8:57:33,100,61810,63800,353
145,1397/7/21 9:00:14,840,62580,357,62160,63000,431,9:00:14,2580,62150,63500,418,9:00:14,2000,62150,63799,200,9:00:14,15150,62000,63800,353,9:00:14,100,61810,63900,500
146,1397/7/21 9:00:43,840,62580,7357,62160,63000,431,9:00:14,2580,62150,63500,418,9:00:14,2000,62150,63799,200,9:00:14,15150,62000,63800,353,9:00:14,100,61810,63900,500
147,1397/7/21 9:00:55,840,62580,7357,62160,63000,335,9:00:55,2580,62150,63500,514,9:00:14,2000,62150,63799,200,9:00:14,15150,62000,63800,353,9:00:14,100,61810,63900,500
148,1397/7/21 9:00:55,840,62580,7357,62160,63000,335,9:01:13,2580,62150,63405,2000,9:01:13,2000,62150,63500,514,9:01:13,15150,62000,63799,200,9:01:13,100,61810,63800,353
149,1397/7/21 9:01:42,840,62580,7357,62160,63000,315,9:01:13,2580,62150,63405,2000,9:01:13,2000,62150,63500,514,9:01:13,15150,62000,63799,200,9:01:13,100,61810,63800,353
150,1397/7/21 9:01:45,800,62600,159,62200,63000,315,9:01:45,7357,62160,63405,2000,9:01:45,2580,62160,63500,514,9:01:45,2000,62120,63799,200,9:01:45,15150,62000,63800,353
151,1397/7/21 9:01:49,800,62600,77,62200,63000,315,9:01:45,7357,62160,63405,2000,9:01:49,2580,62160,63500,418,9:01:45,2000,62120,63799,200,9:01:45,15150,62000,63800,353
152,1397/7/21 9:02:06,799,62600,1027,62201,63000,315,9:02:06,77,62200,63405,2000,9:02:06,7357,62200,63500,418,9:02:06,2580,62150,63799,200,9:02:06,2000,62120,63800,353
153,1397/7/21 9:02:14,405,63202,185,63000,63405,2000,9:02:14,1027,62201,63500,418,9:02:14,77,62201,63799,200,9:02:14,7357,62160,63800,353,9:02:14,2580,62150,63900,605
154,1397/7/21 9:02:20,799,62600,1027,62201,63000,33,9:02:20,77,62200,63405,2000,9:02:20,7357,62200,63500,200,9:02:20,2580,62150,63799,200,9:02:20,2000,62120,63800,353
155,1397/7/21 9:02:21,500,62750,1592,62500,63000,33,9:02:21,1027,62201,63405,2000,9:02:21,77,62201,63500,200,9:02:21,7357,62160,63799,200,9:02:21,2580,62150,63800,353
156,1397/7/21 9:02:28,500,62750,1592,62500,63000,53,9:02:21,1027,62201,63405,2000,9:02:21,77,62201,63500,200,9:02:21,7357,62160,63799,200,9:02:21,2580,62150,63800,353
157,1397/7/21 9:02:42,500,62750,1430,62500,63000,53,9:02:21,1027,62201,63405,2000,9:02:21,77,62201,63500,200,9:02:21,7357,62160,63799,200,9:02:21,2580,62150,63800,353
158,1397/7/21 9:02:42,500,62750,1430,62500,63000,53,9:02:21,1027,62201,63405,2000,9:02:21,77,62201,63500,200,9:03:02,7357,62160,63750,2131,9:03:02,2580,62150,63799,200
159,1397/7/21 9:02:42,500,62750,1430,62500,63000,53,9:03:08,1597,62300,63405,2000,9:03:08,1027,62300,63500,200,9:03:08,77,62200,63750,2131,9:03:08,7357,62160,63799,200
160,1397/7/21 9:03:19,500,62750,2430,62500,63000,53,9:03:08,1597,62300,63405,2000,9:03:08,1027,62300,63500,200,9:03:08,77,62200,63750,2131,9:03:08,7357,62160,63799,200
161,1397/7/21 9:03:19,500,62750,2430,62500,63000,53,9:03:08,1597,62300,63405,2000,9:03:25,1027,62300,63499,300,9:03:25,77,62200,63500,200,9:03:25,7357,62160,63750,2625
162,1397/7/21 9:03:28,500,62750,1606,62500,63000,53,9:03:08,1597,62300,63405,2000,9:03:25,1027,62300,63499,300,9:03:25,77,62200,63500,200,9:03:25,7357,62160,63750,2625
163,1397/7/21 9:03:28,500,62750,1606,62500,63000,53,9:03:08,1597,62300,63405,2000,9:03:25,1027,62300,63499,300,9:03:25,77,62200,63500,200,9:03:31,7517,62160,63750,2625
164,1397/7/21 9:03:28,500,62750,1606,62500,63000,53,9:03:08,1597,62300,63405,2000,9:03:25,1027,62300,63499,300,9:03:25,77,62200,63500,200,9:03:44,7517,62160,63750,494
165,1397/7/21 9:03:46,500,62750,1495,62500,63000,53,9:03:08,1597,62300,63405,2000,9:03:25,1027,62300,63499,300,9:03:25,77,62200,63500,200,9:03:44,7517,62160,63750,494
166,1397/7/21 9:03:48,200,62400,1597,62300,62500,405,9:03:48,1027,62201,63000,53,9:03:48,77,62201,63405,2000,9:03:48,7517,62160,63499,300,9:03:48,2401,62150,63500,200
167,1397/7/21 9:03:50,405,63202,2082,63000,63405,2000,9:03:50,1597,62300,63499,300,9:03:50,1027,62300,63500,200,9:03:50,77,62200,63750,494,9:03:50,7517,62160,63799,200
168,1397/7/21 9:03:50,405,63202,2082,63000,63405,2000,9:03:50,1597,62300,63499,300,9:04:01,77,62300,63500,200,9:04:01,7517,62160,63750,494,9:04:01,2401,62150,63799,200
169,1397/7/21 9:03:50,405,63202,2082,63000,63405,2000,9:03:50,1597,62300,63499,300,9:04:04,77,62300,63500,700,9:04:01,7517,62160,63750,494,9:04:01,2401,62150,63799,200
170,1397/7/21 9:03:50,405,63202,2082,63000,63405,2000,9:03:50,1597,62300,63499,300,9:04:04,77,62300,63500,700,9:04:01,7517,62160,63750,494,9:04:12,2401,62150,63799,400
171,1397/7/21 9:03:50,405,63202,2082,63000,63405,2000,9:03:50,1597,62300,63499,300,9:04:18,77,62300,63500,967,9:04:01,7517,62160,63750,494,9:04:12,2401,62150,63799,400
172,1397/7/21 9:03:50,405,63202,2082,63000,63405,2000,9:04:27,159,62301,63499,300,9:04:27,1597,62301,63500,967,9:04:27,77,62200,63750,494,9:04:27,7517,62160,63799,400
173,1397/7/21 9:04:30,405,63202,2082,63000,63405,1000,9:04:27,159,62301,63499,300,9:04:27,1597,62301,63500,967,9:04:27,77,62200,63750,494,9:04:27,7517,62160,63799,400
174,1397/7/21 9:04:32,250,63625,1000,63500,63750,494,9:04:32,2082,63000,63799,400,9:04:32,159,63000,63800,353,9:04:32,1597,62300,63890,550,9:04:32,77,62200,63900,105
175,1397/7/21 9:04:41,250,63625,750,63500,63750,494,9:04:32,2082,63000,63799,400,9:04:32,159,63000,63800,353,9:04:32,1597,62300,63890,550,9:04:32,77,62200,63900,105
176,1397/7/21 9:04:48,250,63625,640,63500,63750,494,9:04:32,2082,63000,63799,400,9:04:32,159,63000,63800,353,9:04:32,1597,62300,63890,550,9:04:32,77,62200,63900,105
177,1397/7/21 9:04:48,250,63625,640,63500,63750,494,9:04:32,2082,63000,63799,400,9:04:32,159,63000,63800,353,9:04:52,6597,62300,63890,300,9:04:32,77,62200,63900,105
178,1397/7/21 9:04:54,250,63625,388,63500,63750,579,9:04:32,2082,63000,63799,400,9:04:32,159,63000,63800,353,9:04:52,6597,62300,63890,300,9:04:32,77,62200,63900,105
179,1397/7/21 9:05:02,699,62650,159,62301,63000,530,9:05:02,6597,62300,63750,579,9:05:02,77,62300,63799,400,9:05:02,7517,62160,63800,353,9:05:02,2401,62150,63890,300
180,1397/7/21 9:05:02,699,62650,159,62301,63000,530,9:05:07,6597,62300,63500,250,9:05:07,77,62300,63750,579,9:05:07,7517,62160,63799,400,9:05:07,2401,62150,63800,353
181,1397/7/21 9:05:02,699,62650,159,62301,63000,530,9:05:07,6597,62300,63500,250,9:05:11,77,62300,63749,200,9:05:11,7517,62160,63750,579,9:05:11,2401,62150,63799,200
182,1397/7/21 9:05:18,1200,62900,6226,62300,63500,250,9:05:18,77,62200,63749,200,9:05:18,7517,62200,63750,579,9:05:18,2401,62150,63799,200,9:05:18,2000,62120,63800,353
183,1397/7/21 9:05:29,1195,62902,2000,62305,63500,250,9:05:29,6226,62300,63749,200,9:05:29,77,62300,63750,579,9:05:29,7517,62160,63799,200,9:05:29,2401,62150,63800,353
184,1397/7/21 9:05:29,1195,62902,2000,62305,63500,250,9:05:33,1226,62300,63749,200,9:05:33,5077,62300,63750,579,9:05:29,7517,62160,63799,200,9:05:29,2401,62150,63800,353
185,1397/7/21 9:05:39,1194,62902,2000,62305,63499,1000,9:05:39,1226,62300,63500,250,9:05:39,5077,62300,63749,200,9:05:39,7517,62160,63750,579,9:05:39,2401,62150,63799,200
186,1397/7/21 9:05:39,1194,62902,2000,62305,63499,1000,9:05:41,1386,62300,63500,250,9:05:39,5077,62300,63749,200,9:05:41,7357,62160,63750,579,9:05:39,2401,62150,63799,200
187,1397/7/21 9:05:39,1194,62902,2000,62305,63499,1000,9:05:41,1386,62300,63500,250,9:05:43,77,62300,63749,200,9:05:43,5000,62161,63750,579,9:05:43,7357,62160,63799,200
188,1397/7/21 9:05:39,1194,62902,2000,62305,63499,1000,9:05:41,1386,62300,63500,250,9:05:45,6077,62300,63749,200,9:05:43,5000,62161,63750,579,9:05:43,7357,62160,63799,200
189,1397/7/21 9:05:39,1194,62902,2000,62305,63499,1000,9:05:46,1386,62300,63500,450,9:05:45,6077,62300,63749,200,9:05:43,5000,62161,63750,579,9:05:43,7357,62160,63799,200
190,1397/7/21 9:06:02,1193,62902,2000,62306,63499,1000,9:06:02,2000,62305,63500,450,9:06:02,1386,62305,63749,200,9:06:02,6077,62200,63750,579,9:06:02,5000,62161,63799,200
191,1397/7/21 9:06:03,1184,62898,2000,62306,63490,250,9:06:03,2000,62305,63499,1000,9:06:03,1386,62305,63500,200,9:06:03,6077,62200,63749,200,9:06:03,5000,62161,63750,579
192,1397/7/21 9:06:09,1183,62898,1000,62307,63490,250,9:06:09,2000,62306,63499,1000,9:06:09,2000,62306,63500,200,9:06:09,1386,62300,63749,200,9:06:09,6077,62200,63750,579
193,1397/7/21 9:06:14,1184,62898,1500,62306,63490,250,9:06:14,2000,62305,63499,1000,9:06:14,1386,62305,63500,200,9:06:14,6077,62200,63749,200,9:06:14,5000,62161,63750,579
194,1397/7/21 9:06:17,1,62306,1500,62306,62307,200,9:06:17,2000,62305,63490,250,9:06:17,1386,62305,63499,1000,9:06:17,6077,62200,63500,200,9:06:17,5000,62161,63749,200
195,1397/7/21 9:06:20,1,62306,1660,62306,62307,200,9:06:17,2000,62305,63490,250,9:06:20,1226,62305,63499,1000,9:06:17,6077,62200,63500,200,9:06:17,5000,62161,63749,200
196,1397/7/21 9:06:20,1,62306,1660,62306,62307,200,9:06:17,2000,62305,63490,250,9:06:25,1576,62305,63499,1000,9:06:17,6077,62200,63500,200,9:06:17,5000,62161,63749,200
197,1397/7/21 9:06:26,1090,62945,201,62400,63490,250,9:06:26,1660,62306,63499,1000,9:06:26,2000,62306,63500,200,9:06:26,1576,62300,63749,200,9:06:26,6077,62200,63750,579
198,1397/7/21 9:06:26,1090,62945,201,62400,63490,250,9:06:26,1660,62306,63499,1000,9:06:34,2000,62306,63500,199,9:06:26,1576,62300,63749,200,9:06:26,6077,62200,63750,579
199,1397/7/21 9:06:42,1330,62825,2871,62160,63490,250,9:06:42,2000,62150,63499,1000,9:06:42,2000,62150,63500,199,9:06:42,6000,62010,63749,200,9:06:42,500,62001,63750,579
200,1397/7/21 9:06:45,1290,62845,200,62200,63490,250,9:06:45,2871,62160,63499,1000,9:06:45,2000,62160,63500,199,9:06:45,2000,62120,63749,200,9:06:45,6000,62010,63750,579
201,1397/7/21 9:06:52,1289,62844,200,62200,63489,200,9:06:52,2871,62160,63490,250,9:06:52,2000,62160,63499,1000,9:06:52,2000,62120,63500,199,9:06:45,6000,62010,63750,579
202,1397/7/21 9:06:52,1289,62844,200,62200,63489,200,9:06:52,2871,62160,63490,250,9:06:57,2000,62160,63499,1494,9:06:52,2000,62120,63500,199,9:06:57,6000,62010,63750,85
203,1397/7/21 9:06:52,1289,62844,200,62200,63489,200,9:06:52,2871,62160,63490,250,9:06:57,2000,62160,63499,1494,9:06:58,2000,62120,63500,3700,9:06:57,6000,62010,63750,85
204,1397/7/21 9:06:52,1289,62844,200,62200,63489,200,9:06:52,2871,62160,63490,250,9:06:57,2000,62160,63499,1494,9:07:04,2000,62120,63500,199,9:06:57,6000,62010,63750,85
205,1397/7/21 9:07:15,1328,62824,3071,62160,63488,300,9:07:15,2000,62150,63489,200,9:07:15,2000,62150,63490,250,9:07:15,6000,62010,63499,1494,9:07:15,500,62001,63500,199
206,1397/7/21 9:07:15,1328,62824,3071,62160,63488,300,9:07:15,2000,62150,63489,200,9:07:15,2000,62150,63490,250,9:07:28,15600,62011,63499,1494,9:07:28,6000,62010,63500,199
207,1397/7/21 9:07:15,1328,62824,3071,62160,63488,300,9:07:15,2000,62150,63489,200,9:07:15,2000,62150,63490,250,9:07:28,15600,62011,63499,1494,9:07:42,6000,62010,63500,299
208,1397/7/21 9:07:47,1327,62823,3071,62160,63487,250,9:07:47,2000,62150,63488,300,9:07:47,2000,62150,63489,200,9:07:28,15600,62011,63499,1494,9:07:42,6000,62010,63500,299
209,1397/7/21 9:07:47,1327,62823,3071,62160,63487,250,9:07:47,2000,62150,63488,300,9:07:47,2000,62150,63489,200,9:07:48,3300,62011,63499,1494,9:07:42,6000,62010,63500,299
210,1397/7/21 9:07:47,1327,62823,3071,62160,63487,250,9:07:56,2000,62150,63488,4300,9:07:47,2000,62150,63489,200,9:07:48,3300,62011,63499,1494,9:07:42,6000,62010,63500,299
211,1397/7/21 9:08:12,1327,62823,3071,62160,63487,441,9:07:56,2000,62150,63488,4300,9:07:47,2000,62150,63489,200,9:07:48,3300,62011,63499,1494,9:07:42,6000,62010,63500,299
212,1397/7/21 9:08:25,1326,62823,3071,62160,63486,494,9:08:25,2000,62150,63487,441,9:08:25,2000,62150,63488,4300,9:08:25,3300,62011,63489,200,9:08:25,6000,62010,63499,1000
213,1397/7/21 9:08:26,1325,62823,1000,62161,63486,494,9:08:26,3071,62160,63487,441,9:08:26,2000,62160,63488,4300,9:08:26,2000,62120,63489,200,9:08:26,3300,62011,63499,1000
214,1397/7/21 9:08:29,1325,62823,1000,62161,63486,694,9:08:26,3071,62160,63487,441,9:08:26,2000,62160,63488,4300,9:08:29,2000,62120,63499,1000,9:08:29,3300,62011,63500,299
215,1397/7/21 9:08:29,1325,62823,1000,62161,63486,694,9:08:26,3071,62160,63487,441,9:08:26,2000,62160,63488,4300,9:08:29,2000,62120,63499,1000,9:08:33,320,62012,63500,299
216,1397/7/21 9:08:40,1319,62820,1000,62161,63480,900,9:08:40,3071,62160,63486,694,9:08:40,2000,62160,63487,441,9:08:40,2000,62120,63488,4300,9:08:40,320,62012,63499,1000
217,1397/7/21 9:08:40,1319,62820,1000,62161,63480,900,9:08:48,3071,62160,63485,250,9:08:48,2000,62160,63486,694,9:08:48,2000,62120,63487,191,9:08:48,320,62012,63488,4300
218,1397/7/21 9:08:57,1309,62815,1000,62161,63470,250,9:08:57,11071,62160,63480,900,9:08:48,2000,62160,63486,694,9:08:48,2000,62120,63487,191,9:08:48,320,62012,63488,4300
219,1397/7/21 9:08:57,1309,62815,1000,62161,63470,250,9:08:57,11071,62160,63480,900,9:08:48,2000,62160,63486,694,9:08:48,2000,62120,63487,191,9:09:14,1120,62012,63488,4300
220,1397/7/21 9:08:57,1309,62815,1000,62161,63470,250,9:09:19,11071,62160,63480,1000,9:08:48,2000,62160,63486,694,9:08:48,2000,62120,63487,191,9:09:14,1120,62012,63488,4300
221,1397/7/21 9:09:36,1309,62815,800,62161,63470,250,9:09:19,11071,62160,63480,1000,9:08:48,2000,62160,63486,694,9:08:48,2000,62120,63487,191,9:09:14,1120,62012,63488,4300
222,1397/7/21 9:09:37,1309,62815,800,62161,63470,300,9:09:19,11071,62160,63480,1000,9:08:48,2000,62160,63486,694,9:08:48,2000,62120,63487,191,9:09:14,1120,62012,63488,4300
223,1397/7/21 9:09:38,1309,62815,600,62161,63470,300,9:09:19,11071,62160,63480,1000,9:08:48,2000,62160,63486,694,9:08:48,2000,62120,63487,191,9:09:14,1120,62012,63488,4300
224,1397/7/21 9:10:03,1309,62815,600,62161,63470,1200,9:09:19,11071,62160,63480,1000,9:08:48,2000,62160,63486,694,9:08:48,2000,62120,63487,191,9:09:14,1120,62012,63488,4300
225,1397/7/21 9:10:04,1310,62815,9326,62160,63470,1200,9:10:04,2000,62150,63480,1000,9:10:04,2000,62150,63486,694,9:10:04,1120,62012,63487,191,9:10:04,3320,62011,63488,4300
226,1397/7/21 9:10:09,1240,62780,9326,62160,63400,1500,9:10:09,2000,62150,63470,1200,9:10:09,2000,62150,63480,1000,9:10:09,1120,62012,63486,694,9:10:09,3320,62011,63487,191
227,1397/7/21 9:10:10,1389,62705,66,62011,63400,1500,9:10:10,6000,62010,63470,1200,9:10:10,500,62010,63480,1000,9:10:10,9399,62000,63486,694,9:10:10,100,61810,63487,191
228,1397/7/21 9:10:23,1388,62705,66,62011,63399,80,9:10:23,6000,62010,63400,1500,9:10:23,500,62010,63470,1200,9:10:23,9399,62000,63480,1000,9:10:23,100,61810,63486,694
229,1397/7/21 9:10:23,1388,62705,66,62011,63399,80,9:10:23,6000,62010,63400,1500,9:10:23,500,62010,63470,1200,9:10:23,9399,62000,63480,1000,9:10:32,1100,61810,63486,694
230,1397/7/21 9:10:34,1379,62700,66,62011,63390,250,9:10:34,6000,62010,63399,80,9:10:34,500,62010,63400,1500,9:10:34,9399,62000,63470,950,9:10:34,1100,61810,63480,1000
231,1397/7/21 9:10:45,1229,62775,500,62161,63390,1250,9:10:45,306,62011,63399,80,9:10:45,6000,62011,63400,1500,9:10:45,500,62001,63470,950,9:10:45,9399,62000,63480,1000
232,1397/7/21 9:10:47,1189,62755,500,62161,63350,200,9:10:47,306,62011,63390,1250,9:10:47,6000,62011,63399,80,9:10:47,500,62001,63400,1500,9:10:47,9399,62000,63470,950
233,1397/7/21 9:10:47,1189,62755,500,62161,63350,200,9:10:53,406,62011,63390,1250,9:10:47,6000,62011,63399,80,9:10:47,500,62001,63400,1500,9:10:47,9399,62000,63470,950
234,1397/7/21 9:10:47,1189,62755,500,62161,63350,200,9:10:53,406,62011,63390,1250,9:10:47,6000,62011,63399,80,9:11:06,1500,62001,63400,1500,9:10:47,9399,62000,63470,950
235,1397/7/21 9:10:47,1189,62755,500,62161,63350,200,9:10:53,406,62011,63390,1250,9:10:47,6000,62011,63399,80,9:11:10,1500,62001,63400,1700,9:11:10,9350,62000,63470,950
236,1397/7/21 9:11:15,1227,62774,500,62161,63388,200,9:10:53,406,62011,63390,1250,9:10:47,6000,62011,63399,80,9:11:10,1500,62001,63400,1700,9:11:10,9350,62000,63470,950
237,1397/7/21 9:11:16,1338,62719,500,62050,63388,200,9:10:53,406,62011,63390,1250,9:10:47,6000,62011,63399,80,9:11:10,1500,62001,63400,1700,9:11:10,9350,62000,63470,950
238,1397/7/21 9:11:16,1338,62719,500,62050,63388,200,9:11:19,240,62012,63390,1250,9:11:19,166,62012,63399,80,9:11:19,6000,62010,63400,1700,9:11:19,1500,62001,63470,950
239,1397/7/21 9:11:16,1338,62719,500,62050,63388,200,9:11:22,240,62012,63390,1744,9:11:19,166,62012,63399,80,9:11:19,6000,62010,63400,1700,9:11:19,1500,62001,63470,950
240,1397/7/21 9:11:23,950,62525,500,62050,63000,1500,9:11:23,240,62012,63388,200,9:11:23,166,62012,63390,1744,9:11:23,6000,62010,63399,80,9:11:23,1500,62001,63400,200
241,1397/7/21 9:11:33,940,62520,500,62050,62990,250,9:11:33,240,62012,63000,1500,9:11:33,166,62012,63388,200,9:11:33,6000,62010,63390,1494,9:11:33,1500,62001,63399,80
242,1397/7/21 9:12:11,940,62520,500,62050,62990,744,9:11:33,240,62012,63000,1500,9:11:33,166,62012,63388,200,9:12:11,6000,62010,63390,1000,9:11:33,1500,62001,63399,80
243,1397/7/21 9:12:12,930,62515,500,62050,62980,7000,9:12:12,240,62012,62990,744,9:12:12,166,62012,63000,1500,9:12:12,6000,62010,63388,200,9:12:12,1500,62001,63390,1000
244,1397/7/21 9:12:13,650,62375,500,62050,62700,2636,9:12:13,240,62012,62980,7000,9:12:13,166,62012,62990,744,9:12:13,6000,62010,63000,1500,9:12:13,1500,62001,63388,200
245,1397/7/21 9:12:19,540,62430,100,62160,62700,2636,9:12:19,500,62050,62980,7000,9:12:19,240,62050,62990,744,9:12:19,166,62011,63000,1500,9:12:19,6000,62010,63388,200
246,1397/7/21 9:12:19,540,62430,100,62160,62700,2636,9:12:19,500,62050,62980,7000,9:12:42,240,62050,62989,494,9:12:42,166,62011,62990,250,9:12:42,6000,62010,63000,1500
247,1397/7/21 9:12:19,540,62430,100,62160,62700,2636,9:12:45,600,62050,62980,7000,9:12:42,240,62050,62989,494,9:12:42,166,62011,62990,250,9:12:42,6000,62010,63000,1500
248,1397/7/21 9:13:01,340,62330,100,62160,62500,2000,9:13:01,600,62050,62700,2636,9:13:01,240,62050,62980,7000,9:13:01,166,62011,62989,494,9:13:01,6000,62010,62990,250
249,1397/7/21 9:13:01,340,62330,100,62160,62500,2000,9:13:03,600,62050,62699,600,9:13:03,240,62050,62700,2636,9:13:03,166,62011,62980,7000,9:13:03,6000,62010,62989,494
250,1397/7/21 9:13:07,340,62330,10,62160,62500,2000,9:13:03,600,62050,62699,600,9:13:03,240,62050,62700,2636,9:13:03,166,62011,62980,7000,9:13:03,6000,62010,62989,494
251,1397/7/21 9:13:11,110,62105,600,62050,62160,1190,9:13:11,240,62012,62500,2000,9:13:11,166,62012,62699,600,9:13:11,6000,62010,62700,2636,9:13:11,1500,62001,62980,7000
252,1397/7/21 9:13:14,110,62105,100,62050,62160,1190,9:13:11,240,62012,62500,2000,9:13:11,166,62012,62699,600,9:13:11,6000,62010,62700,2636,9:13:11,1500,62001,62980,7000
253,1397/7/21 9:13:17,10,62155,240,62150,62160,1190,9:13:17,100,62050,62500,2000,9:13:11,166,62050,62699,600,9:13:11,6000,62010,62700,2636,9:13:11,1500,62001,62980,7000
254,1397/7/21 9:13:17,10,62155,240,62150,62160,1190,9:13:19,100,62050,62500,2494,9:13:11,166,62050,62699,600,9:13:11,6000,62010,62700,2636,9:13:11,1500,62001,62980,7000
255,1397/7/21 9:13:24,10,62155,240,62150,62160,1231,9:13:19,100,62050,62500,2494,9:13:11,166,62050,62699,600,9:13:11,6000,62010,62700,2636,9:13:11,1500,62001,62980,7000
256,1397/7/21 9:13:31,60,62130,240,62100,62160,1231,9:13:19,100,62050,62500,2494,9:13:11,166,62050,62699,600,9:13:11,6000,62010,62700,2636,9:13:11,1500,62001,62980,7000
257,1397/7/21 9:13:31,60,62130,240,62100,62160,1231,9:13:32,100,62050,62500,4994,9:13:11,166,62050,62699,600,9:13:32,1500,62001,62700,2636,9:13:32,9900,62000,62980,7000
258,1397/7/21 9:13:38,110,62105,100,62050,62160,1231,9:13:38,166,62011,62500,4994,9:13:38,1500,62011,62699,600,9:13:38,9900,62000,62700,2636,9:13:38,100,61810,62980,7000
259,1397/7/21 9:13:41,50,62075,100,62050,62100,1190,9:13:41,166,62011,62160,41,9:13:41,1500,62011,62500,4994,9:13:41,9900,62000,62699,600,9:13:41,100,61810,62700,2636
260,1397/7/21 9:13:47,50,62075,100,62050,62100,1790,9:13:41,166,62011,62160,41,9:13:41,1500,62011,62500,4994,9:13:47,9900,62000,62700,2636,9:13:47,100,61810,62950,250
261,1397/7/21 9:13:51,50,62075,100,62050,62100,4290,9:13:41,166,62011,62160,41,9:13:51,1500,62011,62500,2494,9:13:47,9900,62000,62700,2636,9:13:47,100,61810,62950,250
262,1397/7/21 9:13:51,50,62075,100,62050,62100,4290,9:13:41,166,62011,62160,41,9:13:52,500,62011,62500,2494,9:13:47,9900,62000,62700,2636,9:13:47,100,61810,62950,250
263,1397/7/21 9:13:53,89,62055,166,62011,62100,4290,9:13:53,500,62001,62160,41,9:13:53,9900,62001,62500,2494,9:13:53,100,61810,62700,2636,9:13:53,9000,61700,62950,250
264,1397/7/21 9:13:54,39,62030,166,62011,62050,1190,9:13:54,500,62001,62100,3100,9:13:54,9900,62001,62160,41,9:13:54,100,61810,62500,2494,9:13:54,9000,61700,62700,2636
265,1397/7/21 9:14:05,39,62030,166,62011,62050,3690,9:14:05,500,62001,62100,600,9:13:54,9900,62001,62160,41,9:13:54,100,61810,62500,2494,9:13:54,9000,61700,62700,2636
266,1397/7/21 9:14:06,39,62030,830,62011,62050,3690,9:14:05,500,62001,62100,600,9:13:54,9900,62001,62160,41,9:13:54,100,61810,62500,2494,9:14:06,9000,61700,62950,300
267,1397/7/21 9:14:10,39,62030,664,62011,62050,3690,9:14:05,500,62001,62100,600,9:13:54,9900,62001,62160,41,9:13:54,100,61810,62500,2494,9:14:06,9000,61700,62950,300
268,1397/7/21 9:14:15,39,62030,64,62011,62050,3690,9:14:05,500,62001,62100,600,9:13:54,9900,62001,62160,41,9:13:54,100,61810,62500,2494,9:14:06,9000,61700,62950,300
269,1397/7/21 9:14:17,50,62025,9067,62000,62050,3690,9:14:17,100,61810,62100,600,9:14:17,9000,61810,62160,41,9:14:17,9600,61650,62500,2494,9:14:17,4000,61600,62950,300
270,1397/7/21 9:14:18,50,62025,8467,62000,62050,3690,9:14:18,100,61810,62160,41,9:14:18,9000,61810,62500,2494,9:14:18,9600,61650,62950,300,9:14:18,4000,61600,62980,7000
271,1397/7/21 9:14:19,50,62025,7849,62000,62050,3690,9:14:18,100,61810,62160,41,9:14:18,9000,61810,62500,2494,9:14:18,9600,61650,62950,300,9:14:18,4000,61600,62980,7000
272,1397/7/21 9:14:22,50,62025,7599,62000,62050,3690,9:14:18,100,61810,62160,41,9:14:18,9000,61810,62500,2494,9:14:22,9600,61650,62950,50,9:14:18,4000,61600,62980,7000
273,1397/7/21 9:14:27,50,62025,6935,62000,62050,3690,9:14:18,100,61810,62160,41,9:14:18,9000,61810,62500,2494,9:14:22,9600,61650,62950,50,9:14:18,4000,61600,62980,7000
274,1397/7/21 9:14:28,50,62025,6685,62000,62050,3690,9:14:18,100,61810,62160,41,9:14:18,9000,61810,62500,2494,9:14:22,9600,61650,62950,50,9:14:18,4000,61600,62980,7000
275,1397/7/21 9:14:29,49,62025,2500,62001,62050,3690,9:14:29,6685,62000,62160,41,9:14:29,100,62000,62500,2494,9:14:29,9000,61700,62950,50,9:14:29,9600,61650,62980,7000
276,1397/7/21 9:14:32,49,62025,2450,62001,62050,3690,9:14:29,6685,62000,62160,41,9:14:29,100,62000,62500,2494,9:14:32,9000,61700,62980,7000,9:14:32,9600,61650,63000,1500
277,1397/7/21 9:14:33,49,62025,2450,62001,62050,3890,9:14:29,6685,62000,62160,41,9:14:29,100,62000,62500,2494,9:14:32,9000,61700,62980,7000,9:14:32,9600,61650,63000,1500
278,1397/7/21 9:14:35,49,62025,1260,62001,62050,2700,9:14:29,6685,62000,62160,41,9:14:29,100,62000,62500,2494,9:14:32,9000,61700,62980,7000,9:14:32,9600,61650,63000,1500
279,1397/7/21 9:14:36,49,62025,1560,62001,62050,2700,9:14:29,6685,62000,62160,41,9:14:29,100,62000,62500,2494,9:14:32,9000,61700,62980,7000,9:14:32,9600,61650,63000,1500
280,1397/7/21 9:14:39,49,62025,1231,62001,62050,2700,9:14:29,6685,62000,62160,41,9:14:29,100,62000,62500,2494,9:14:32,9000,61700,62980,7000,9:14:32,9600,61650,63000,1500
281,1397/7/21 9:14:39,49,62025,1231,62001,62050,2700,9:14:51,6685,62000,62160,1736,9:14:29,100,62000,62500,2494,9:14:32,9000,61700,62980,7000,9:14:32,9600,61650,63000,1500
282,1397/7/21 9:14:54,49,62025,2231,62001,62050,2700,9:14:51,6685,62000,62160,1736,9:14:29,100,62000,62500,2494,9:14:32,9000,61700,62980,7000,9:14:32,9600,61650,63000,1500
283,1397/7/21 9:14:55,9,62005,2231,62001,62010,653,9:14:55,6685,62000,62050,2700,9:14:55,100,62000,62160,1736,9:14:55,9000,61700,62500,2494,9:14:55,9600,61650,62980,7000
284,1397/7/21 9:14:55,9,62005,2231,62001,62010,653,9:14:57,6685,62000,62050,3700,9:14:55,100,62000,62160,1736,9:14:55,9000,61700,62500,2494,9:14:55,9600,61650,62980,7000
285,1397/7/21 9:14:55,9,62005,2231,62001,62010,653,9:14:57,6685,62000,62050,3700,9:15:03,120,62000,62160,1736,9:15:03,9100,61701,62500,2494,9:15:03,9000,61700,62980,7000
286,1397/7/21 9:15:09,9,62005,1581,62001,62010,653,9:15:09,6685,62000,62050,1200,9:15:03,120,62000,62160,1736,9:15:03,9100,61701,62500,2494,9:15:03,9000,61700,62980,7000
287,1397/7/21 9:15:14,9,62005,1381,62001,62010,653,9:15:14,6685,62000,62050,1000,9:15:03,120,62000,62160,1736,9:15:03,9100,61701,62500,2494,9:15:03,9000,61700,62980,7000
288,1397/7/21 9:15:15,9,62005,2023,62001,62010,653,9:15:14,6685,62000,62050,1000,9:15:03,120,62000,62160,1736,9:15:03,9100,61701,62500,2494,9:15:03,9000,61700,62980,7000
289,1397/7/21 9:15:18,10,62005,5208,62000,62010,653,9:15:18,120,61810,62050,1000,9:15:18,9100,61810,62160,1736,9:15:18,9000,61700,62500,2494,9:15:18,9600,61650,62980,7000
290,1397/7/21 9:15:19,1,62000,5208,62000,62001,2000,9:15:19,120,61810,62010,653,9:15:19,9100,61810,62050,1000,9:15:19,9000,61700,62160,1736,9:15:19,9600,61650,62500,494
291,1397/7/21 9:15:19,1,62000,5208,62000,62001,2000,9:15:20,120,61810,62050,1000,9:15:20,9100,61810,62160,1736,9:15:20,9000,61700,62500,494,9:15:20,9600,61650,62980,7000
292,1397/7/21 9:15:19,1,62000,5208,62000,62001,2000,9:15:20,120,61810,62050,1000,9:15:20,9100,61810,62160,1736,9:15:25,9000,61700,62200,31,9:15:25,9600,61650,62500,494
293,1397/7/21 9:15:31,1,62000,5861,62000,62001,2000,9:15:20,120,61810,62050,1000,9:15:20,9100,61810,62160,1736,9:15:25,9000,61700,62200,31,9:15:25,9600,61650,62500,494
294,1397/7/21 9:15:34,1,62000,5321,62000,62001,3000,9:15:20,120,61810,62050,1000,9:15:20,9100,61810,62160,1736,9:15:25,9000,61700,62200,31,9:15:25,9600,61650,62500,494
295,1397/7/21 9:15:36,1,62000,4668,62000,62001,3000,9:15:20,120,61810,62050,1000,9:15:20,9100,61810,62160,1736,9:15:25,9000,61700,62200,31,9:15:25,9600,61650,62500,494
296,1397/7/21 9:15:36,1,62000,4668,62000,62001,3000,9:15:20,120,61810,62050,1000,9:15:20,9100,61810,62160,1736,9:15:25,9000,61700,62200,31,9:15:41,9600,61650,62500,514
297,1397/7/21 9:15:43,1,62000,2668,62000,62001,1000,9:15:20,120,61810,62050,1000,9:15:20,9100,61810,62160,1736,9:15:25,9000,61700,62200,31,9:15:41,9600,61650,62500,514
298,1397/7/21 9:15:46,1,62000,668,62000,62001,1000,9:15:20,120,61810,62050,1000,9:15:20,9100,61810,62160,1736,9:15:25,9000,61700,62200,31,9:15:41,9600,61650,62500,514
299,1397/7/21 9:15:48,1,62000,418,62000,62001,1000,9:15:20,120,61810,62050,1000,9:15:20,9100,61810,62160,1736,9:15:25,9000,61700,62200,31,9:15:48,9600,61650,62500,1164
300,1397/7/21 9:15:52,1,62000,2357,62000,62001,1000,9:15:20,120,61810,62050,1000,9:15:20,9100,61810,62160,1736,9:15:25,9000,61700,62200,31,9:15:48,9600,61650,62500,1164
301,1397/7/21 9:15:58,1,62000,2353,62000,62001,1000,9:15:20,120,61810,62050,1000,9:15:20,9100,61810,62160,1736,9:15:25,9000,61700,62200,31,9:15:48,9600,61650,62500,1164
302,1397/7/21 9:16:08,1,62000,1448,62000,62001,1000,9:15:20,120,61810,62050,1000,9:15:20,9100,61810,62160,1736,9:15:25,9000,61700,62200,31,9:15:48,9600,61650,62500,1164
303,1397/7/21 9:16:09,1,62000,948,62000,62001,900,9:15:20,120,61810,62050,1000,9:15:20,9100,61810,62160,1736,9:15:25,9000,61700,62200,31,9:15:48,9600,61650,62500,1164
304,1397/7/21 9:16:09,1,62000,948,62000,62001,900,9:15:20,120,61810,62050,1000,9:15:20,9100,61810,62160,1736,9:16:21,9000,61700,62500,1164,9:16:21,9600,61650,63000,1500
305,1397/7/21 9:16:24,190,61905,120,61810,62000,52,9:16:24,9100,61701,62001,900,9:16:24,9000,61701,62160,1736,9:16:24,9600,61650,62500,1164,9:16:24,6000,61600,63000,1500
306,1397/7/21 9:16:25,190,61905,120,61810,62000,302,9:16:24,9100,61701,62001,900,9:16:24,9000,61701,62160,1736,9:16:24,9600,61650,62500,1164,9:16:24,6000,61600,63000,1500
307,1397/7/21 9:16:31,190,61905,120,61810,62000,502,9:16:24,9100,61701,62001,900,9:16:24,9000,61701,62160,1736,9:16:24,9600,61650,62500,1164,9:16:24,6000,61600,63000,1500
308,1397/7/21 9:16:31,190,61905,120,61810,62000,502,9:16:24,9100,61701,62001,900,9:16:24,9000,61701,62160,1736,9:16:33,9600,61650,62316,150,9:16:33,6000,61600,62500,1164
309,1397/7/21 9:16:36,190,61905,120,61810,62000,702,9:16:24,9100,61701,62001,900,9:16:24,9000,61701,62160,1736,9:16:33,9600,61650,62316,150,9:16:33,6000,61600,62500,1164
310,1397/7/21 9:16:37,299,61850,8230,61701,62000,702,9:16:37,9000,61700,62001,900,9:16:37,9600,61700,62160,1736,9:16:37,6000,61600,62316,150,9:16:37,9000,61501,62500,1164
311,1397/7/21 9:16:37,299,61850,8230,61701,62000,702,9:16:44,9000,61700,62001,917,9:16:37,9600,61700,62160,1736,9:16:37,6000,61600,62316,150,9:16:44,9000,61501,62500,1669
312,1397/7/21 9:16:47,299,61850,8050,61701,62000,702,9:16:44,9000,61700,62001,917,9:16:37,9600,61700,62160,1736,9:16:37,6000,61600,62316,150,9:16:44,9000,61501,62500,1669
313,1397/7/21 9:16:51,299,61850,8050,61701,62000,798,9:16:44,9000,61700,62001,917,9:16:37,9600,61700,62160,1736,9:16:37,6000,61600,62316,150,9:16:44,9000,61501,62500,1669
314,1397/7/21 9:17:04,299,61850,8050,61701,62000,2798,9:16:44,9000,61700,62001,917,9:16:37,9600,61700,62160,1736,9:16:37,6000,61600,62316,150,9:16:44,9000,61501,62500,1669
315,1397/7/21 9:17:08,299,61850,8130,61701,62000,2798,9:16:44,9000,61700,62001,917,9:16:37,9600,61700,62160,1736,9:16:37,6000,61600,62316,150,9:16:44,9000,61501,62500,1669
316,1397/7/21 9:17:10,299,61850,1130,61701,62000,2798,9:16:44,9000,61700,62001,917,9:16:37,9600,61700,62160,1736,9:17:10,6050,61600,62316,150,9:16:44,9000,61501,62500,1669
317,1397/7/21 9:17:15,299,61850,7730,61701,62000,2798,9:16:44,9000,61700,62001,917,9:16:37,9600,61700,62160,1736,9:17:10,6050,61600,62316,150,9:16:44,9000,61501,62500,1669
318,1397/7/21 9:17:19,298,61850,7730,61701,61999,2501,9:17:19,9000,61700,62000,2798,9:17:19,9600,61700,62001,917,9:17:19,6050,61600,62160,1736,9:17:19,9000,61501,62316,150
319,1397/7/21 9:17:28,298,61850,7185,61701,61999,2501,9:17:19,9000,61700,62000,2798,9:17:19,9600,61700,62001,917,9:17:19,6050,61600,62160,1736,9:17:19,9000,61501,62316,150
320,1397/7/21 9:17:28,298,61850,7185,61701,61999,2501,9:17:32,9000,61700,62000,6288,9:17:19,9600,61700,62001,917,9:17:19,6050,61600,62160,1736,9:17:19,9000,61501,62316,150
321,1397/7/21 9:17:34,289,61845,7185,61701,61990,200,9:17:34,9000,61700,61999,2501,9:17:34,9600,61700,62000,6088,9:17:34,6050,61600,62001,917,9:17:34,9000,61501,62160,1736
322,1397/7/21 9:17:43,289,61845,7041,61701,61990,200,9:17:34,9000,61700,61999,2501,9:17:34,9600,61700,62000,6088,9:17:34,6050,61600,62001,917,9:17:34,9000,61501,62160,1736
323,1397/7/21 9:17:47,289,61845,7041,61701,61990,4700,9:17:34,9000,61700,61999,2501,9:17:34,9600,61700,62000,6088,9:17:34,6050,61600,62001,917,9:17:34,9000,61501,62160,1736
324,1397/7/21 9:17:50,289,61845,6945,61701,61990,4700,9:17:34,9000,61700,61999,2501,9:17:50,9600,61700,62000,5992,9:17:34,6050,61600,62001,917,9:17:34,9000,61501,62160,1736
325,1397/7/21 9:18:02,289,61845,6045,61701,61990,4700,9:17:34,9000,61700,61999,2501,9:17:50,9600,61700,62000,5992,9:17:34,6050,61600,62001,917,9:17:34,9000,61501,62160,1736
326,1397/7/21 9:18:02,289,61845,6045,61701,61990,4700,9:17:34,9000,61700,61999,2501,9:18:09,9600,61700,62000,6092,9:17:34,6050,61600,62001,917,9:17:34,9000,61501,62160,1736
327,1397/7/21 9:18:21,288,61845,6045,61701,61989,2424,9:18:21,9000,61700,61990,4700,9:18:21,9600,61700,61999,2501,9:18:21,6050,61600,62000,6092,9:18:21,9000,61501,62001,917
328,1397/7/21 9:18:21,288,61845,6045,61701,61989,2424,9:18:21,9000,61700,61990,4700,9:18:26,9600,61700,61999,4196,9:18:21,6050,61600,62000,6092,9:18:21,9000,61501,62001,917
329,1397/7/21 9:18:21,288,61845,6045,61701,61989,2424,9:18:21,9000,61700,61990,4700,9:18:27,9600,61700,61999,1695,9:18:21,6050,61600,62000,6092,9:18:21,9000,61501,62001,917
330,1397/7/21 9:18:29,288,61845,2700,61701,61989,2424,9:18:21,9000,61700,61990,4700,9:18:27,9600,61700,61999,1695,9:18:21,6050,61600,62000,6092,9:18:21,9000,61501,62001,917
331,1397/7/21 9:19:00,288,61845,1900,61701,61989,2424,9:18:21,9000,61700,61990,4700,9:18:27,9600,61700,61999,1695,9:18:21,6050,61600,62000,6092,9:18:21,9000,61501,62001,917
332,1397/7/21 9:19:05,1,61700,9000,61700,61701,800,9:19:05,9600,61650,61989,2424,9:19:05,6050,61650,61990,4700,9:19:05,9000,61501,61999,1695,9:19:05,200,61500,62000,6092
333,1397/7/21 9:19:10,51,61675,9600,61650,61701,800,9:19:10,6050,61600,61989,2424,9:19:10,9000,61600,61990,4700,9:19:10,200,61500,61999,1695,9:19:10,9000,61200,62000,6092
334,1397/7/21 9:19:16,51,61675,9400,61650,61701,800,9:19:10,6050,61600,61989,2424,9:19:16,9000,61600,61990,4500,9:19:10,200,61500,61999,1695,9:19:10,9000,61200,62000,6092
335,1397/7/21 9:19:17,51,61675,9331,61650,61701,800,9:19:10,6050,61600,61989,2424,9:19:16,9000,61600,61990,4500,9:19:10,200,61500,61999,1695,9:19:10,9000,61200,62000,6092
336,1397/7/21 9:19:20,339,61819,8531,61650,61989,2424,9:19:20,6050,61600,61990,4500,9:19:20,9000,61600,61999,1695,9:19:20,200,61500,62000,6092,9:19:20,9000,61200,62001,917
337,1397/7/21 9:19:21,50,61675,8531,61650,61700,10000,9:19:21,6050,61600,61989,2424,9:19:21,9000,61600,61990,4500,9:19:21,200,61500,61999,1695,9:19:21,9000,61200,62000,6092
338,1397/7/21 9:19:22,50,61675,8531,61650,61700,15000,9:19:21,6050,61600,61989,2424,9:19:21,9000,61600,61990,4500,9:19:21,200,61500,61999,1695,9:19:21,9000,61200,62000,6092
339,1397/7/21 9:19:24,50,61675,7491,61650,61700,15000,9:19:21,6050,61600,61989,2424,9:19:21,9000,61600,61990,4500,9:19:21,200,61500,61999,1695,9:19:21,9000,61200,62000,6092
340,1397/7/21 9:19:29,289,61844,3200,61700,61989,2424,9:19:29,1491,61650,61990,4500,9:19:29,6050,61650,61999,1695,9:19:29,9000,61501,62000,6192,9:19:29,200,61500,62001,917
341,1397/7/21 9:19:38,289,61844,8645,61700,61989,2424,9:19:29,1491,61650,61990,4500,9:19:29,6050,61650,61999,1695,9:19:29,9000,61501,62000,6192,9:19:29,200,61500,62001,917
342,1397/7/21 9:19:47,289,61844,8309,61700,61989,2424,9:19:29,1491,61650,61990,4500,9:19:29,6050,61650,61999,1695,9:19:29,9000,61501,62000,6192,9:19:29,200,61500,62001,917
343,1397/7/21 9:19:49,289,61844,8089,61700,61989,2424,9:19:29,1491,61650,61990,4500,9:19:29,6050,61650,61999,1695,9:19:29,9000,61501,62000,6192,9:19:29,200,61500,62001,917
344,1397/7/21 9:19:54,289,61844,8008,61700,61989,2424,9:19:29,1491,61650,61990,4500,9:19:29,6050,61650,61999,1695,9:19:29,9000,61501,62000,6192,9:19:29,200,61500,62001,917
345,1397/7/21 9:19:54,289,61844,8008,61700,61989,2424,9:19:29,1491,61650,61990,4500,9:19:29,6050,61650,61999,1695,9:19:56,9000,61501,62000,8392,9:19:29,200,61500,62001,917
346,1397/7/21 9:19:54,289,61844,8008,61700,61989,2424,9:19:29,1491,61650,61990,4500,9:19:29,6050,61650,61999,1695,9:20:09,9000,61501,62000,9007,9:19:29,200,61500,62001,917
347,1397/7/21 9:20:12,289,61844,708,61700,61989,2424,9:19:29,1491,61650,61990,4500,9:19:29,6050,61650,61999,1695,9:20:09,9000,61501,62000,9007,9:19:29,200,61500,62001,917
348,1397/7/21 9:20:16,287,61843,708,61700,61987,4500,9:20:16,1491,61650,61989,2424,9:19:29,6050,61650,61999,1695,9:20:09,9000,61501,62000,9007,9:19:29,200,61500,62001,917
349,1397/7/21 9:20:16,287,61843,708,61700,61987,4500,9:20:17,1491,61650,61989,4424,9:19:29,6050,61650,61999,1695,9:20:09,9000,61501,62000,9007,9:19:29,200,61500,62001,917
350,1397/7/21 9:20:23,150,61725,1799,61650,61800,900,9:20:23,6050,61600,61987,4500,9:20:23,9000,61600,61989,4424,9:20:23,200,61500,61999,1695,9:20:23,9000,61200,62000,9007
351,1397/7/21 9:20:23,150,61725,1799,61650,61800,900,9:20:23,6050,61600,61987,4500,9:20:23,9000,61600,61989,4424,9:20:23,200,61500,61999,1695,9:20:28,9000,61200,62000,12627
352,1397/7/21 9:20:32,140,61730,3000,61660,61800,900,9:20:32,799,61650,61987,4500,9:20:32,6050,61650,61989,4424,9:20:32,9000,61501,61999,1695,9:20:32,200,61500,62000,12627
353,1397/7/21 9:20:43,140,61730,1000,61660,61800,900,9:20:32,799,61650,61987,4500,9:20:43,6050,61650,61989,2424,9:20:32,9000,61501,61999,1695,9:20:32,200,61500,62000,12627
354,1397/7/21 9:20:43,140,61730,1000,61660,61800,900,9:20:32,799,61650,61987,4500,9:20:43,6050,61650,61989,2424,9:20:32,9000,61501,61999,1695,9:20:48,300,61500,62000,12627
355,1397/7/21 9:20:55,139,61729,1000,61660,61799,4500,9:20:55,799,61650,61800,900,9:20:43,6050,61650,61989,2424,9:20:32,9000,61501,61999,1695,9:20:48,300,61500,62000,12627
356,1397/7/21 9:20:58,139,61729,2000,61660,61799,4500,9:20:55,799,61650,61800,900,9:20:43,6050,61650,61989,2424,9:20:32,9000,61501,61999,1695,9:20:58,300,61500,62000,10627
357,1397/7/21 9:20:58,139,61729,2000,61660,61799,4500,9:20:55,799,61650,61800,900,9:20:43,6050,61650,61989,2424,9:20:32,9000,61501,61999,1695,9:21:01,300,61500,62000,11627
358,1397/7/21 9:20:58,139,61729,2000,61660,61799,4500,9:21:06,1299,61650,61800,900,9:20:43,6050,61650,61989,2424,9:20:32,9000,61501,61999,1695,9:21:01,300,61500,62000,11627
359,1397/7/21 9:21:08,139,61729,950,61660,61799,4500,9:21:06,1299,61650,61800,900,9:20:43,6050,61650,61989,2424,9:20:32,9000,61501,61999,1695,9:21:08,429,61500,62000,11627
360,1397/7/21 9:21:08,139,61729,950,61660,61799,4500,9:21:06,1299,61650,61800,900,9:20:43,6050,61650,61989,2424,9:20:32,9000,61501,61999,1695,9:21:13,529,61500,62000,11627
361,1397/7/21 9:21:08,139,61729,950,61660,61799,4500,9:21:24,11145,61650,61800,900,9:20:43,6050,61650,61989,2424,9:20:32,9000,61501,61999,1695,9:21:13,529,61500,62000,11627
362,1397/7/21 9:21:34,110,61715,950,61660,61770,900,9:21:34,11145,61650,61799,4500,9:20:43,6050,61650,61989,2424,9:20:32,9000,61501,61999,1695,9:21:13,529,61500,62000,11627
363,1397/7/21 9:21:34,110,61715,950,61660,61770,900,9:21:34,11145,61650,61799,4500,9:20:43,6050,61650,61989,2424,9:20:32,9000,61501,61999,1695,9:21:36,529,61500,62000,11377
364,1397/7/21 9:21:41,110,61715,950,61660,61770,1100,9:21:34,11145,61650,61799,4500,9:20:43,6050,61650,61989,2424,9:20:32,9000,61501,61999,1695,9:21:36,529,61500,62000,11377
365,1397/7/21 9:21:46,110,61715,750,61660,61770,1100,9:21:34,11145,61650,61799,4500,9:20:43,6050,61650,61989,2424,9:20:32,9000,61501,61999,1695,9:21:36,529,61500,62000,11377
366,1397/7/21 9:21:48,40,61680,750,61660,61700,4500,9:21:48,11145,61650,61770,1100,9:20:43,6050,61650,61989,2424,9:20:32,9000,61501,61999,1695,9:21:36,529,61500,62000,11377
367,1397/7/21 9:21:53,40,61680,620,61660,61700,4500,9:21:48,11145,61650,61770,1100,9:20:43,6050,61650,61989,2424,9:20:32,9000,61501,61999,1695,9:21:36,529,61500,62000,11377
368,1397/7/21 9:21:56,50,61675,18282,61650,61700,4500,9:21:56,6050,61600,61770,1100,9:21:56,9000,61600,61999,1695,9:21:56,529,61500,62000,11377,9:21:56,9000,61200,62001,17
369,1397/7/21 9:22:04,49,61675,3500,61651,61700,4500,9:22:04,18282,61650,61770,1100,9:22:04,6050,61650,61999,1695,9:22:04,9000,61501,62000,11377,9:22:04,529,61500,62001,17
370,1397/7/21 9:22:05,49,61675,3300,61651,61700,4500,9:22:04,18282,61650,61770,1100,9:22:04,6050,61650,61999,1695,9:22:04,9000,61501,62000,11377,9:22:04,529,61500,62001,17
371,1397/7/21 9:22:09,49,61675,1199,61651,61700,4500,9:22:04,18282,61650,61770,1100,9:22:04,6050,61650,61999,1695,9:22:04,9000,61501,62000,11377,9:22:04,529,61500,62001,17
372,1397/7/21 9:22:11,49,61675,1199,61651,61700,5115,9:22:04,18282,61650,61770,1100,9:22:04,6050,61650,61999,1695,9:22:11,9000,61501,62000,10762,9:22:04,529,61500,62001,17
373,1397/7/21 9:22:14,39,61670,1199,61651,61690,86,9:22:14,18282,61650,61700,5115,9:22:14,6050,61650,61770,1100,9:22:14,9000,61501,61999,1695,9:22:14,529,61500,62000,10762
374,1397/7/21 9:22:28,39,61670,299,61651,61690,86,9:22:14,18282,61650,61700,5115,9:22:14,6050,61650,61770,1100,9:22:14,9000,61501,61999,1695,9:22:14,529,61500,62000,10762
375,1397/7/21 9:22:35,39,61670,205,61651,61690,86,9:22:14,18282,61650,61700,5115,9:22:14,6050,61650,61770,1100,9:22:14,9000,61501,61999,1695,9:22:14,529,61500,62000,10762
376,1397/7/21 9:22:39,39,61670,2205,61651,61690,86,9:22:39,18282,61650,61700,615,9:22:14,6050,61650,61770,1100,9:22:14,9000,61501,61999,1695,9:22:14,529,61500,62000,10762
377,1397/7/21 9:22:48,39,61670,205,61651,61690,86,9:22:39,18282,61650,61700,615,9:22:14,6050,61650,61770,1100,9:22:14,9000,61501,61999,1695,9:22:14,529,61500,62000,10762
378,1397/7/21 9:22:56,9,61655,205,61651,61660,900,9:22:56,18282,61650,61690,86,9:22:56,6050,61650,61700,615,9:22:56,9000,61501,61770,200,9:22:56,529,61500,61999,1695
379,1397/7/21 9:22:56,9,61655,205,61651,61660,900,9:22:56,18282,61650,61690,86,9:22:58,6350,61650,61700,615,9:22:56,9000,61501,61770,200,9:22:56,529,61500,61999,1695
380,1397/7/21 9:23:01,9,61655,334,61651,61660,900,9:22:56,18282,61650,61690,86,9:22:58,6350,61650,61700,615,9:22:56,9000,61501,61770,200,9:23:01,400,61500,61999,1695
381,1397/7/21 9:23:14,9,61655,334,61651,61660,580,9:22:56,18282,61650,61690,86,9:22:58,6350,61650,61700,615,9:22:56,9000,61501,61770,200,9:23:01,400,61500,61999,1695
382,1397/7/21 9:23:14,9,61655,334,61651,61660,580,9:22:56,18282,61650,61690,86,9:22:58,6350,61650,61700,615,9:22:56,9000,61501,61770,200,9:23:25,400,61500,61999,5695
383,1397/7/21 9:23:30,9,61655,205,61651,61660,580,9:23:30,18411,61650,61690,86,9:22:58,6350,61650,61700,615,9:22:56,9000,61501,61770,200,9:23:25,400,61500,61999,5695
384,1397/7/21 9:23:30,9,61655,205,61651,61660,580,9:23:31,18711,61650,61690,86,9:23:31,6050,61650,61700,615,9:22:56,9000,61501,61770,200,9:23:25,400,61500,61999,5695
385,1397/7/21 9:23:32,5,61657,700,61655,61660,580,9:23:32,205,61651,61690,86,9:23:32,18711,61651,61700,615,9:23:32,6050,61600,61770,200,9:23:32,9000,61501,61999,5695
386,1397/7/21 9:23:44,4,61657,700,61655,61659,1000,9:23:44,205,61651,61660,580,9:23:44,18711,61651,61690,86,9:23:44,6050,61600,61700,615,9:23:44,9000,61501,61770,200
387,1397/7/21 9:23:44,4,61657,700,61655,61659,1000,9:23:46,205,61651,61660,600,9:23:44,18711,61651,61690,86,9:23:44,6050,61600,61700,615,9:23:44,9000,61501,61770,200
388,1397/7/21 9:23:56,4,61657,120,61655,61659,1000,9:23:56,205,61651,61660,20,9:23:44,18711,61651,61690,86,9:23:44,6050,61600,61700,615,9:23:44,9000,61501,61770,200
389,1397/7/21 9:23:56,4,61657,120,61655,61659,1000,9:23:56,205,61651,61660,20,9:23:57,18711,61651,61661,100,9:23:57,6050,61600,61690,86,9:23:57,9000,61501,61700,615
390,1397/7/21 9:23:58,1,61660,8292,61660,61661,100,9:23:58,120,61655,61690,86,9:23:58,205,61655,61700,615,9:23:58,18711,61650,61770,200,9:23:58,6050,61600,61999,5695
391,1397/7/21 9:24:05,1,61660,5357,61660,61661,100,9:23:58,120,61655,61690,86,9:23:58,205,61655,61700,615,9:23:58,18711,61650,61770,200,9:23:58,6050,61600,61999,5695
392,1397/7/21 9:24:08,339,61829,5357,61660,61999,696,9:24:08,120,61655,62000,16762,9:24:08,205,61655,62001,17,9:24:08,18711,61650,62160,41,9:24:08,6050,61600,62316,150
393,1397/7/21 9:24:08,339,61829,5357,61660,61999,696,9:24:08,120,61655,62000,16762,9:24:08,205,61655,62001,17,9:24:08,18711,61650,62160,41,9:24:15,6360,61600,62316,150
394,1397/7/21 9:24:18,339,61829,5257,61660,61999,696,9:24:08,120,61655,62000,16762,9:24:08,205,61655,62001,17,9:24:08,18711,61650,62160,41,9:24:15,6360,61600,62316,150
395,1397/7/21 9:24:21,339,61829,5057,61660,61999,696,9:24:08,120,61655,62000,16762,9:24:08,205,61655,62001,17,9:24:08,18711,61650,62160,41,9:24:15,6360,61600,62316,150
396,1397/7/21 9:24:22,339,61829,57,61660,61999,696,9:24:08,120,61655,62000,16762,9:24:08,205,61655,62001,17,9:24:08,18711,61650,62160,41,9:24:15,6360,61600,62316,150
397,1397/7/21 9:24:22,339,61829,57,61660,61999,696,9:24:28,120,61655,62000,17052,9:24:08,205,61655,62001,17,9:24:08,18711,61650,62160,41,9:24:15,6360,61600,62316,150
398,1397/7/21 9:24:22,339,61829,57,61660,61999,696,9:24:28,120,61655,62000,17052,9:24:08,205,61655,62001,17,9:24:37,26311,61650,62160,41,9:24:15,6360,61600,62316,150
399,1397/7/21 9:24:22,339,61829,57,61660,61999,696,9:24:44,120,61655,62000,10852,9:24:08,205,61655,62001,17,9:24:37,26311,61650,62160,41,9:24:44,6360,61600,62300,6200
400,1397/7/21 9:24:47,349,61824,24149,61650,61999,696,9:24:47,6360,61600,62000,10852,9:24:47,9000,61600,62001,17,9:24:47,400,61500,62160,41,9:24:47,9000,61200,62300,6200
401,1397/7/21 9:25:13,349,61824,24149,61650,61999,730,9:24:47,6360,61600,62000,10852,9:24:47,9000,61600,62001,17,9:24:47,400,61500,62160,41,9:24:47,9000,61200,62300,6200
402,1397/7/21 9:25:13,349,61824,24149,61650,61999,730,9:25:24,6360,61600,62000,11852,9:24:47,9000,61600,62001,17,9:24:47,400,61500,62160,41,9:24:47,9000,61200,62300,6200
403,1397/7/21 9:25:25,349,61824,24349,61650,61999,730,9:25:24,6360,61600,62000,11852,9:24:47,9000,61600,62001,17,9:24:47,400,61500,62160,41,9:24:47,9000,61200,62300,6200
404,1397/7/21 9:25:26,349,61824,24220,61650,61999,730,9:25:26,6489,61600,62000,11852,9:24:47,9000,61600,62001,17,9:24:47,400,61500,62160,41,9:24:47,9000,61200,62300,6200
405,1397/7/21 9:25:36,349,61824,24420,61650,61999,730,9:25:26,6489,61600,62000,11852,9:24:47,9000,61600,62001,17,9:24:47,400,61500,62160,41,9:24:47,9000,61200,62300,6200
406,1397/7/21 9:25:38,349,61824,24420,61650,61999,980,9:25:26,6489,61600,62000,11852,9:24:47,9000,61600,62001,17,9:24:47,400,61500,62160,41,9:24:47,9000,61200,62300,6200
407,1397/7/21 9:25:40,349,61824,22790,61650,61999,980,9:25:26,6489,61600,62000,11852,9:24:47,9000,61600,62001,17,9:24:47,400,61500,62160,41,9:24:47,9000,61200,62300,6200
408,1397/7/21 9:25:43,349,61824,22590,61650,61999,980,9:25:26,6489,61600,62000,11852,9:24:47,9000,61600,62001,17,9:24:47,400,61500,62160,41,9:24:47,9000,61200,62300,6200
409,1397/7/21 9:25:48,334,61832,129,61665,61999,980,9:25:48,22590,61650,62000,11852,9:25:48,6360,61650,62001,17,9:25:48,9000,61501,62160,41,9:25:48,400,61500,62300,6200
410,1397/7/21 9:25:48,334,61832,129,61665,61999,980,9:26:01,3000,61660,62000,11852,9:26:01,22590,61660,62001,17,9:26:01,6360,61600,62160,41,9:26:01,9000,61501,62300,6200
411,1397/7/21 9:26:12,498,61750,8279,61501,61999,980,9:26:12,400,61500,62000,11852,9:26:12,9000,61500,62001,17,9:26:12,5000,61111,62160,41,9:26:12,9000,61010,62300,6200
412,1397/7/21 9:26:20,494,61752,200,61505,61999,980,9:26:20,8279,61501,62000,11852,9:26:20,400,61501,62001,17,9:26:20,9000,61200,62160,41,9:26:20,5000,61111,62300,6200
413,1397/7/21 9:26:20,494,61752,200,61505,61999,980,9:26:20,8279,61501,62000,11852,9:26:25,3400,61501,62001,17,9:26:20,9000,61200,62160,41,9:26:20,5000,61111,62300,6200
414,1397/7/21 9:26:31,300,61350,9000,61200,61500,17121,9:26:31,5000,61111,61999,980,9:26:31,9000,61111,62000,12222,9:26:31,21300,61000,62001,17,9:26:31,11713,60000,62160,41
415,1397/7/21 9:26:49,300,61350,8966,61200,61500,17121,9:26:49,5000,61111,61999,946,9:26:31,9000,61111,62000,12222,9:26:31,21300,61000,62001,17,9:26:31,11713,60000,62160,41
416,1397/7/21 9:26:52,300,61350,8166,61200,61500,17121,9:26:49,5000,61111,61999,946,9:26:31,9000,61111,62000,12222,9:26:31,21300,61000,62001,17,9:26:31,11713,60000,62160,41
417,1397/7/21 9:26:52,300,61350,8166,61200,61500,17121,9:26:49,5000,61111,61999,946,9:27:00,9000,61111,62000,12322,9:26:31,21300,61000,62001,17,9:26:31,11713,60000,62160,41
418,1397/7/21 9:26:52,300,61350,8166,61200,61500,17121,9:26:49,5000,61111,61999,946,9:27:03,9000,61111,62000,12472,9:26:31,21300,61000,62001,17,9:26:31,11713,60000,62160,41
419,1397/7/21 9:27:10,300,61350,3166,61200,61500,17121,9:26:49,5000,61111,61999,946,9:27:03,9000,61111,62000,12472,9:26:31,21300,61000,62001,17,9:26:31,11713,60000,62160,41
420,1397/7/21 9:27:11,300,61350,3366,61200,61500,17121,9:26:49,5000,61111,61999,946,9:27:03,9000,61111,62000,12472,9:26:31,21300,61000,62001,17,9:26:31,11713,60000,62160,41
421,1397/7/21 9:27:18,300,61350,7366,61200,61500,17121,9:26:49,5000,61111,61999,946,9:27:03,9000,61111,62000,12472,9:26:31,21300,61000,62001,17,9:26:31,11713,60000,62160,41
422,1397/7/21 9:27:18,300,61350,7366,61200,61500,17121,9:27:26,5000,61111,61650,290,9:27:26,9000,61111,61999,946,9:27:26,21300,61000,62000,12182,9:27:26,11713,60000,62001,17
423,1397/7/21 9:27:18,300,61350,7366,61200,61500,17121,9:27:26,5000,61111,61650,290,9:27:30,9000,61111,61999,3446,9:27:26,21300,61000,62000,12182,9:27:26,11713,60000,62001,17
424,1397/7/21 9:27:18,300,61350,7366,61200,61500,17121,9:27:26,5000,61111,61650,290,9:27:50,9000,61111,61900,3620,9:27:50,21300,61000,61999,3446,9:27:50,11713,60000,62000,8562
425,1397/7/21 9:27:18,300,61350,7366,61200,61500,17121,9:27:26,5000,61111,61650,290,9:27:55,21300,61111,61900,3620,9:27:55,11713,60000,61999,3446,9:27:55,50,59900,62000,8562
426,1397/7/21 9:27:18,300,61350,7366,61200,61500,17121,9:27:26,5000,61111,61650,290,9:27:59,12300,61111,61900,3620,9:27:55,11713,60000,61999,3446,9:27:55,50,59900,62000,8562
427,1397/7/21 9:28:03,300,61350,6366,61200,61500,17121,9:27:26,5000,61111,61650,290,9:27:59,12300,61111,61900,3620,9:27:55,11713,60000,61999,3446,9:27:55,50,59900,62000,8562
428,1397/7/21 9:28:04,300,61350,6366,61200,61500,17091,9:28:04,5000,61111,61700,290,9:27:59,12300,61111,61900,3620,9:27:55,11713,60000,61999,3446,9:27:55,50,59900,62000,8562
429,1397/7/21 9:28:04,300,61350,6366,61200,61500,17091,9:28:04,5000,61111,61700,290,9:27:59,12300,61111,61900,3620,9:27:55,11713,60000,61999,3446,9:28:12,50,59900,62000,8462
430,1397/7/21 9:28:04,300,61350,6366,61200,61500,17091,9:28:04,5000,61111,61700,290,9:27:59,12300,61111,61900,3620,9:27:55,11713,60000,61999,3446,9:28:25,50,59900,62000,8512
431,1397/7/21 9:28:31,300,61350,6365,61200,61500,17091,9:28:04,5000,61111,61700,290,9:27:59,12300,61111,61900,3620,9:27:55,11713,60000,61999,3446,9:28:25,50,59900,62000,8512
432,1397/7/21 9:28:31,300,61350,6365,61200,61500,17091,9:28:04,5000,61111,61700,290,9:28:38,10300,61111,61900,3620,9:27:55,11713,60000,61999,3446,9:28:25,50,59900,62000,8512
433,1397/7/21 9:28:31,300,61350,6365,61200,61500,17091,9:28:04,5000,61111,61700,290,9:28:38,10300,61111,61900,3620,9:27:55,11713,60000,61999,3446,9:28:46,50,59900,62000,8142
434,1397/7/21 9:28:51,300,61350,6365,61200,61500,17045,9:28:04,5000,61111,61700,290,9:28:38,10300,61111,61900,3620,9:27:55,11713,60000,61999,3446,9:28:46,50,59900,62000,8142
435,1397/7/21 9:28:52,300,61350,3000,61200,61500,17045,9:28:04,5000,61111,61700,290,9:28:38,10300,61111,61900,3620,9:27:55,11713,60000,61999,3446,9:28:46,50,59900,62000,8142
436,1397/7/21 9:28:54,300,61350,2710,61200,61500,17045,9:28:54,5000,61111,61900,3620,9:28:54,10300,61111,61999,3446,9:28:54,11713,60000,62000,8142,9:28:54,50,59900,62001,17
437,1397/7/21 9:29:08,389,61305,5000,61111,61500,17045,9:29:08,10300,61000,61900,3620,9:29:08,11713,61000,61999,3446,9:29:08,50,59900,62000,8142,9:29:08,300,59501,62001,17
438,1397/7/21 9:29:08,389,61305,5000,61111,61500,17045,9:29:19,10300,61000,61900,7110,9:29:08,11713,61000,61999,3446,9:29:19,50,59900,62000,4652,9:29:08,300,59501,62001,17
439,1397/7/21 9:29:21,89,61155,5000,61111,61200,50,9:29:21,10300,61000,61500,17045,9:29:21,11713,61000,61900,7110,9:29:21,50,59900,61999,3446,9:29:21,300,59501,62000,4652
440,1397/7/21 9:29:23,200,61100,10300,61000,61200,50,9:29:23,11713,60000,61500,17045,9:29:23,50,60000,61900,7110,9:29:23,300,59501,61999,3446,9:29:23,70600,59500,62000,4652
441,1397/7/21 9:29:23,200,61100,10300,61000,61200,50,9:29:25,11933,60000,61500,17045,9:29:23,50,60000,61900,7110,9:29:23,300,59501,61999,3446,9:29:23,70600,59500,62000,4652
442,1397/7/21 9:29:27,200,61100,10300,61000,61200,7830,9:29:25,11933,60000,61500,17045,9:29:23,50,60000,61900,7110,9:29:23,300,59501,61999,3446,9:29:23,70600,59500,62000,4652
443,1397/7/21 9:29:29,200,61100,10300,61000,61200,8030,9:29:25,11933,60000,61500,17045,9:29:23,50,60000,61900,7110,9:29:23,300,59501,61999,3446,9:29:23,70600,59500,62000,4652
444,1397/7/21 9:29:29,200,61100,10300,61000,61200,8030,9:29:32,11950,60000,61500,17045,9:29:32,50,60000,61701,380,9:29:32,300,59501,61900,7110,9:29:32,70600,59500,61999,3446
445,1397/7/21 9:29:35,199,61100,9000,61001,61200,8030,9:29:35,10300,61000,61500,17045,9:29:35,11950,61000,61701,380,9:29:35,50,59900,61900,7110,9:29:35,300,59501,61999,3446
446,1397/7/21 9:29:35,199,61100,9000,61001,61200,8030,9:29:35,10300,61000,61500,17045,9:29:35,11950,61000,61701,380,9:29:55,300,59501,61900,7110,9:29:55,70650,59500,61999,3446
447,1397/7/21 9:29:57,199,61100,8000,61001,61200,8030,9:29:35,10300,61000,61500,17045,9:29:35,11950,61000,61701,380,9:29:55,300,59501,61900,7110,9:29:55,70650,59500,61999,3446
448,1397/7/21 9:29:57,199,61100,8000,61001,61200,8030,9:29:35,10300,61000,61500,17045,9:29:35,11950,61000,61701,380,9:29:55,300,59501,61900,7110,9:30:05,70650,59500,61999,946
449,1397/7/21 9:29:57,199,61100,8000,61001,61200,8030,9:29:35,10300,61000,61500,17045,9:30:14,10950,61000,61701,380,9:30:14,1300,59501,61900,7110,9:30:05,70650,59500,61999,946
450,1397/7/21 9:30:18,199,61100,5809,61001,61200,8030,9:29:35,10300,61000,61500,17045,9:30:14,10950,61000,61701,380,9:30:14,1300,59501,61900,7110,9:30:05,70650,59500,61999,946
451,1397/7/21 9:30:18,199,61100,5809,61001,61200,8030,9:29:35,10300,61000,61500,17045,9:30:20,10750,61000,61701,380,9:30:14,1300,59501,61900,7110,9:30:20,70850,59500,61999,946
452,1397/7/21 9:30:22,199,61100,8809,61001,61200,8030,9:29:35,10300,61000,61500,17045,9:30:20,10750,61000,61701,380,9:30:14,1300,59501,61900,7110,9:30:20,70850,59500,61999,946
453,1397/7/21 9:30:25,199,61100,3809,61001,61200,8030,9:29:35,10300,61000,61500,17045,9:30:20,10750,61000,61701,380,9:30:14,1300,59501,61900,7110,9:30:20,70850,59500,61999,946
454,1397/7/21 9:30:25,199,61100,3809,61001,61200,8030,9:29:35,10300,61000,61500,17045,9:30:26,10750,61000,61700,3620,9:30:26,1300,59501,61701,380,9:30:26,70850,59500,61900,3490
455,1397/7/21 9:30:43,199,61100,3809,61001,61200,7980,9:29:35,10300,61000,61500,17045,9:30:43,10750,61000,61700,3670,9:30:26,1300,59501,61701,380,9:30:43,70800,59500,61900,3490
456,1397/7/21 9:30:46,149,61075,3809,61001,61150,1799,9:30:46,10300,61000,61200,7980,9:30:46,10750,61000,61500,17045,9:30:46,1300,59501,61700,3670,9:30:46,70800,59500,61701,380
457,1397/7/21 9:30:50,148,61076,586,61002,61150,1799,9:30:50,3809,61001,61200,7980,9:30:50,10300,61001,61500,17045,9:30:50,10750,60000,61700,3670,9:30:50,1300,59501,61701,380
458,1397/7/21 9:30:50,148,61076,586,61002,61150,1799,9:30:50,3809,61001,61200,7980,9:30:50,10300,61001,61500,17045,9:30:59,10750,60000,61700,3820,9:30:50,1300,59501,61701,380
459,1397/7/21 9:30:50,148,61076,586,61002,61150,1799,9:30:50,3809,61001,61200,7980,9:31:02,10300,61001,61400,3490,9:31:02,10750,60000,61500,17045,9:31:02,1300,59501,61700,3820
460,1397/7/21 9:31:09,199,61100,5596,61001,61200,7980,9:31:09,10300,61000,61400,3490,9:31:09,10750,61000,61500,17045,9:31:09,1300,59501,61700,3820,9:31:09,70800,59500,61701,380
461,1397/7/21 9:31:13,197,61101,9000,61003,61200,7980,9:31:13,5596,61001,61400,3490,9:31:13,10300,61001,61500,17045,9:31:13,10750,60000,61600,3620,9:31:13,1300,59501,61700,200
462,1397/7/21 9:31:22,197,61101,9000,61003,61200,8130,9:31:13,5596,61001,61400,3490,9:31:13,10300,61001,61500,17045,9:31:13,10750,60000,61600,3620,9:31:22,1300,59501,61700,50
463,1397/7/21 9:31:24,196,61101,9000,61003,61199,3000,9:31:24,5596,61001,61200,8130,9:31:24,10300,61001,61400,3490,9:31:24,10750,60000,61500,17045,9:31:24,1300,59501,61600,3620
464,1397/7/21 9:31:35,194,61102,500,61005,61199,3000,9:31:35,9000,61003,61200,8130,9:31:35,5596,61003,61400,3490,9:31:35,10300,61000,61500,17045,9:31:35,10750,60000,61600,3620
465,1397/7/21 9:31:35,194,61102,500,61005,61199,3000,9:31:35,9000,61003,61200,8130,9:31:35,5596,61003,61400,3490,9:31:42,300,61000,61500,17045,9:31:42,10000,60500,61600,3620
466,1397/7/21 9:32:11,149,61124,100,61050,61199,3000,9:32:11,500,61005,61200,8130,9:32:11,9000,61005,61400,3490,9:32:11,5596,61001,61500,17045,9:32:11,300,61000,61600,3620
467,1397/7/21 9:32:11,149,61124,100,61050,61199,3000,9:32:11,500,61005,61200,8130,9:32:11,9000,61005,61400,3490,9:32:11,5596,61001,61500,17045,9:32:15,10300,61000,61600,3620
468,1397/7/21 9:32:21,194,61102,500,61005,61199,3000,9:32:21,9000,61003,61200,8130,9:32:21,5596,61003,61400,3490,9:32:21,10300,61000,61500,17045,9:32:21,10000,60500,61600,3620
469,1397/7/21 9:32:21,194,61102,500,61005,61199,3000,9:32:21,9000,61003,61200,8130,9:32:21,5596,61003,61400,3490,9:32:36,10300,61000,61600,3620,9:32:36,10000,60500,61700,50
470,1397/7/21 9:32:39,194,61102,500,61005,61199,3150,9:32:39,9000,61003,61200,7980,9:32:21,5596,61003,61400,3490,9:32:36,10300,61000,61600,3620,9:32:36,10000,60500,61700,50
471,1397/7/21 9:32:40,194,61102,600,61005,61199,3150,9:32:39,9000,61003,61200,7980,9:32:21,5596,61003,61400,3490,9:32:36,10300,61000,61600,3620,9:32:36,10000,60500,61700,50
472,1397/7/21 9:32:56,188,61104,9000,61010,61198,1000,9:32:56,600,61005,61199,3150,9:32:56,9000,61005,61200,7980,9:32:56,5596,61001,61400,3490,9:32:56,10300,61000,61600,3620
473,1397/7/21 9:33:01,188,61104,8400,61010,61198,1000,9:32:56,600,61005,61199,3150,9:32:56,9000,61005,61200,7980,9:32:56,5596,61001,61400,3490,9:32:56,10300,61000,61600,3620
474,1397/7/21 9:33:06,187,61103,8400,61010,61197,8000,9:33:06,600,61005,61198,1000,9:33:06,9000,61005,61199,150,9:33:06,5596,61001,61200,7980,9:33:06,10300,61000,61400,3490
475,1397/7/21 9:33:14,145,61082,8400,61010,61155,17045,9:33:14,600,61005,61197,8000,9:33:14,9000,61005,61198,1000,9:33:14,5596,61001,61199,150,9:33:14,10300,61000,61200,7980
476,1397/7/21 9:33:16,145,61082,620,61010,61155,17045,9:33:16,600,61005,61195,1000,9:33:16,9000,61005,61197,8000,9:33:14,5596,61001,61199,150,9:33:16,10300,61000,61200,200
477,1397/7/21 9:33:19,145,61082,592,61010,61155,17045,9:33:16,600,61005,61195,1000,9:33:16,9000,61005,61197,8000,9:33:14,5596,61001,61199,150,9:33:16,10300,61000,61200,200
478,1397/7/21 9:33:21,145,61082,92,61010,61155,17045,9:33:16,600,61005,61195,1000,9:33:21,9000,61005,61197,3000,9:33:14,5596,61001,61199,150,9:33:16,10300,61000,61200,200
479,1397/7/21 9:33:23,144,61083,200,61011,61155,17045,9:33:23,92,61010,61195,1000,9:33:23,600,61010,61197,3000,9:33:23,9000,61003,61199,150,9:33:23,5596,61001,61200,200
480,1397/7/21 9:33:23,144,61083,200,61011,61155,17045,9:33:23,92,61010,61195,1000,9:33:23,600,61010,61197,3000,9:33:25,9000,61003,61199,529,9:33:23,5596,61001,61200,200
481,1397/7/21 9:33:31,145,61082,8292,61010,61155,17045,9:33:31,600,61005,61197,3000,9:33:31,9000,61005,61199,529,9:33:31,5596,61001,61200,200,9:33:31,10300,61000,61400,7110
482,1397/7/21 9:33:42,144,61082,8292,61010,61154,3000,9:33:42,600,61005,61155,17045,9:33:31,9000,61005,61199,529,9:33:31,5596,61001,61200,200,9:33:31,10300,61000,61400,7110
483,1397/7/21 9:33:42,144,61082,8292,61010,61154,3000,9:33:54,600,61005,61199,529,9:33:54,9000,61005,61200,200,9:33:54,5596,61001,61400,7110,9:33:54,10300,61000,61650,1100
484,1397/7/21 9:33:55,44,61177,1000,61155,61199,529,9:33:55,8292,61010,61200,200,9:33:55,600,61010,61400,7110,9:33:55,9000,61003,61650,1100,9:33:55,5596,61001,61651,4000
485,1397/7/21 9:33:55,44,61177,1000,61155,61199,529,9:33:55,8292,61010,61200,200,9:33:55,600,61010,61400,7110,9:34:14,9000,61003,61600,50,9:34:14,5596,61001,61650,1100
486,1397/7/21 9:33:55,44,61177,1000,61155,61199,529,9:33:55,8292,61010,61200,200,9:33:55,600,61010,61400,7110,9:34:14,9000,61003,61600,50,9:34:18,5596,61001,61650,11000
487,1397/7/21 9:34:20,44,61177,1000,61155,61199,429,9:33:55,8292,61010,61200,200,9:33:55,600,61010,61400,7110,9:34:14,9000,61003,61600,50,9:34:18,5596,61001,61650,11000
488,1397/7/21 9:34:21,44,61177,700,61155,61199,361,9:33:55,8292,61010,61200,200,9:33:55,600,61010,61400,7110,9:34:14,9000,61003,61600,50,9:34:18,5596,61001,61650,11000
489,1397/7/21 9:34:30,188,61105,700,61011,61199,361,9:33:55,8292,61010,61200,200,9:33:55,600,61010,61400,7110,9:34:14,9000,61003,61600,50,9:34:18,5596,61001,61650,11000
490,1397/7/21 9:34:39,189,61104,8292,61010,61199,361,9:34:39,700,61006,61200,200,9:33:55,600,61006,61400,7110,9:34:14,9000,61003,61600,50,9:34:18,5596,61001,61650,11000
491,1397/7/21 9:34:39,189,61104,8292,61010,61199,361,9:34:39,700,61006,61200,200,9:34:54,800,61006,61400,7110,9:34:14,9000,61003,61600,50,9:34:18,5596,61001,61650,11000
492,1397/7/21 9:34:39,189,61104,8292,61010,61199,361,9:34:39,700,61006,61200,200,9:34:54,800,61006,61400,7110,9:35:00,5000,61004,61600,50,9:35:00,9000,61003,61650,11000
493,1397/7/21 9:35:03,189,61104,8292,61010,61199,4361,9:34:39,700,61006,61200,200,9:34:54,800,61006,61400,7110,9:35:00,5000,61004,61600,50,9:35:00,9000,61003,61650,11000
494,1397/7/21 9:35:06,189,61104,8292,61010,61199,4161,9:34:39,700,61006,61200,200,9:34:54,800,61006,61400,7110,9:35:00,5000,61004,61600,50,9:35:00,9000,61003,61650,11000
495,1397/7/21 9:35:11,189,61104,9000,61010,61199,4161,9:34:39,700,61006,61200,200,9:34:54,800,61006,61400,7110,9:35:00,5000,61004,61600,50,9:35:00,9000,61003,61650,11000
496,1397/7/21 9:35:23,189,61104,10500,61010,61199,4161,9:34:39,700,61006,61200,200,9:34:54,800,61006,61400,7110,9:35:00,5000,61004,61600,50,9:35:00,9000,61003,61650,11000
497,1397/7/21 9:35:26,189,61104,4500,61010,61199,4161,9:34:39,700,61006,61200,200,9:34:54,800,61006,61400,7110,9:35:00,5000,61004,61600,50,9:35:00,9000,61003,61650,11000
498,1397/7/21 9:35:26,189,61104,4500,61010,61199,4161,9:34:39,700,61006,61200,200,9:35:33,810,61006,61400,7110,9:35:00,5000,61004,61600,50,9:35:00,9000,61003,61650,11000
499,1397/7/21 9:35:39,189,61104,4600,61010,61199,4161,9:34:39,700,61006,61200,200,9:35:33,810,61006,61400,7110,9:35:00,5000,61004,61600,50,9:35:00,9000,61003,61650,11000
500,1397/7/21 9:35:44,4,61008,700,61006,61010,1931,9:35:44,810,61005,61199,4161,9:35:44,5000,61005,61200,200,9:35:44,9000,61003,61400,7110,9:35:44,5596,61001,61600,50
501,1397/7/21 9:35:53,4,61008,700,61006,61010,1721,9:35:53,600,61005,61199,4161,9:35:44,5000,61005,61200,200,9:35:44,9000,61003,61400,7110,9:35:44,5596,61001,61600,50
502,1397/7/21 9:35:54,4,61008,700,61006,61010,10721,9:35:53,600,61005,61199,4161,9:35:44,5000,61005,61200,200,9:35:44,9000,61003,61400,7110,9:35:44,5596,61001,61600,50
503,1397/7/21 9:35:54,4,61008,700,61006,61010,10721,9:35:53,600,61005,61199,4161,9:36:04,5000,61005,61200,1420,9:35:44,9000,61003,61400,7110,9:35:44,5596,61001,61600,50
504,1397/7/21 9:36:09,4,61008,7979,61006,61010,9200,9:35:53,600,61005,61199,4161,9:36:04,5000,61005,61200,1420,9:35:44,9000,61003,61400,7110,9:35:44,5596,61001,61600,50
505,1397/7/21 9:36:09,4,61008,7979,61006,61010,9200,9:36:12,600,61005,61199,4331,9:36:04,5000,61005,61200,1420,9:35:44,9000,61003,61400,7110,9:35:44,5596,61001,61600,50
506,1397/7/21 9:36:09,4,61008,7979,61006,61010,9200,9:36:12,600,61005,61199,4331,9:36:04,5000,61005,61200,1420,9:35:44,9000,61003,61400,7110,9:36:17,5596,61001,61600,1050
507,1397/7/21 9:36:22,4,61008,7979,61006,61010,6200,9:36:12,600,61005,61199,4331,9:36:04,5000,61005,61200,1420,9:35:44,9000,61003,61400,7110,9:36:22,2596,61001,61600,1050
508,1397/7/21 9:36:23,4,61008,7896,61006,61010,6200,9:36:12,600,61005,61199,4331,9:36:04,5000,61005,61200,1420,9:35:44,9000,61003,61400,7110,9:36:22,2596,61001,61600,1050
509,1397/7/21 9:36:29,189,61104,3396,61010,61199,4331,9:36:29,7896,61006,61200,1420,9:36:29,600,61006,61400,7110,9:36:29,5000,61004,61600,1050,9:36:29,9000,61003,61650,11000
510,1397/7/21 9:36:30,189,61104,2539,61010,61199,4331,9:36:29,7896,61006,61200,1420,9:36:29,600,61006,61400,7110,9:36:29,5000,61004,61600,1050,9:36:29,9000,61003,61650,11000
511,1397/7/21 9:36:34,189,61104,2139,61010,61199,4331,9:36:29,7896,61006,61200,1420,9:36:29,600,61006,61400,7110,9:36:29,5000,61004,61600,1050,9:36:29,9000,61003,61650,11000
512,1397/7/21 9:36:41,189,61104,1939,61010,61199,4331,9:36:29,7896,61006,61200,1420,9:36:29,600,61006,61400,7110,9:36:29,5000,61004,61600,1050,9:36:29,9000,61003,61650,11000
513,1397/7/21 9:36:58,189,61104,2339,61010,61199,4331,9:36:29,7896,61006,61200,1420,9:36:29,600,61006,61400,7110,9:36:29,5000,61004,61600,1050,9:36:29,9000,61003,61650,11000
514,1397/7/21 9:37:01,189,61104,2339,61010,61199,331,9:36:29,7896,61006,61200,1420,9:36:29,600,61006,61400,7110,9:36:29,5000,61004,61600,1050,9:36:29,9000,61003,61650,11000
515,1397/7/21 9:37:04,189,61104,2339,61010,61199,12376,9:36:29,7896,61006,61200,1420,9:36:29,600,61006,61400,7110,9:36:29,5000,61004,61600,1050,9:36:29,9000,61003,61650,11000
516,1397/7/21 9:37:04,189,61104,2339,61010,61199,12376,9:37:05,7896,61006,61200,200,9:36:29,600,61006,61400,7110,9:36:29,5000,61004,61600,1050,9:36:29,9000,61003,61650,11000
517,1397/7/21 9:37:12,189,61104,1209,61010,61199,12376,9:37:05,7896,61006,61200,200,9:36:29,600,61006,61400,7110,9:36:29,5000,61004,61600,1050,9:36:29,9000,61003,61650,11000
518,1397/7/21 9:37:16,90,61055,1209,61010,61100,1000,9:37:16,7896,61006,61199,12376,9:37:16,600,61006,61200,200,9:37:16,5000,61004,61400,7110,9:37:16,9000,61003,61600,1050
519,1397/7/21 9:37:17,90,61055,1306,61010,61100,1000,9:37:16,7896,61006,61199,12376,9:37:16,600,61006,61200,200,9:37:16,5000,61004,61400,7110,9:37:16,9000,61003,61600,1050
520,1397/7/21 9:37:17,90,61055,1306,61010,61100,1000,9:37:18,7896,61006,61199,13222,9:37:16,600,61006,61200,200,9:37:16,5000,61004,61400,7110,9:37:16,9000,61003,61600,1050
521,1397/7/21 9:37:19,90,61055,1058,61010,61100,1000,9:37:18,7896,61006,61199,13222,9:37:16,600,61006,61200,200,9:37:16,5000,61004,61400,7110,9:37:16,9000,61003,61600,1050
522,1397/7/21 9:37:32,90,61055,1158,61010,61100,1000,9:37:18,7896,61006,61199,13222,9:37:16,600,61006,61200,200,9:37:16,5000,61004,61400,7110,9:37:16,9000,61003,61600,1050
523,1397/7/21 9:37:34,90,61055,597,61010,61100,439,9:37:18,7896,61006,61199,13222,9:37:16,600,61006,61200,200,9:37:16,5000,61004,61400,7110,9:37:16,9000,61003,61600,1050
524,1397/7/21 9:37:40,4,61008,7896,61006,61010,403,9:37:40,600,61005,61100,909,9:37:40,5000,61005,61199,13222,9:37:40,9000,61003,61200,200,9:37:40,11300,61000,61400,7110
525,1397/7/21 9:37:55,94,61053,7896,61006,61100,909,9:37:55,600,61005,61199,13222,9:37:55,5000,61005,61200,200,9:37:55,9000,61003,61400,7110,9:37:55,11300,61000,61600,1050
526,1397/7/21 9:37:58,94,61053,4896,61006,61100,909,9:37:55,600,61005,61199,13222,9:37:55,5000,61005,61200,200,9:37:55,9000,61003,61400,7110,9:37:55,11300,61000,61600,1050
527,1397/7/21 9:38:21,94,61053,4407,61006,61100,909,9:37:55,600,61005,61199,13222,9:37:55,5000,61005,61200,200,9:37:55,9000,61003,61400,7110,9:37:55,11300,61000,61600,1050
528,1397/7/21 9:38:25,94,61053,4477,61006,61100,909,9:37:55,600,61005,61199,13222,9:37:55,5000,61005,61200,200,9:37:55,9000,61003,61400,7110,9:37:55,11300,61000,61600,1050
529,1397/7/21 9:38:25,94,61053,4477,61006,61100,909,9:37:55,600,61005,61199,13222,9:38:26,9000,61005,61200,200,9:38:26,11300,61000,61400,7110,9:38:26,10000,60500,61600,1050
530,1397/7/21 9:38:37,94,61053,4074,61006,61100,909,9:37:55,600,61005,61199,13222,9:38:26,9000,61005,61200,200,9:38:26,11300,61000,61400,7110,9:38:26,10000,60500,61600,1050
531,1397/7/21 9:38:38,94,61053,4074,61006,61100,409,9:37:55,600,61005,61199,13222,9:38:26,9000,61005,61200,200,9:38:26,11300,61000,61400,7110,9:38:26,10000,60500,61600,1050
532,1397/7/21 9:38:43,94,61053,3874,61006,61100,409,9:37:55,600,61005,61199,13222,9:38:26,9000,61005,61200,200,9:38:26,11300,61000,61400,7110,9:38:26,10000,60500,61600,1050
533,1397/7/21 9:38:54,99,61149,14691,61100,61199,13222,9:38:54,3874,61006,61200,200,9:38:54,600,61006,61400,7110,9:38:54,9000,61003,61600,1050,9:38:54,11300,61000,61650,11315
534,1397/7/21 9:38:57,99,61149,12491,61100,61199,13222,9:38:54,3874,61006,61200,200,9:38:54,600,61006,61400,7110,9:38:54,9000,61003,61600,1050,9:38:54,11300,61000,61650,11315
535,1397/7/21 9:39:03,99,61149,11491,61100,61199,13222,9:38:54,3874,61006,61200,200,9:38:54,600,61006,61400,7110,9:38:54,9000,61003,61600,1050,9:38:54,11300,61000,61650,11315
536,1397/7/21 9:39:10,99,61149,11316,61100,61199,13222,9:38:54,3874,61006,61200,200,9:38:54,600,61006,61400,7110,9:38:54,9000,61003,61600,1050,9:38:54,11300,61000,61650,11315
537,1397/7/21 9:39:14,50,61125,11316,61100,61150,1220,9:39:14,3874,61006,61199,13222,9:39:14,600,61006,61200,200,9:39:14,9000,61003,61400,7110,9:39:14,11300,61000,61600,1050
538,1397/7/21 9:39:14,50,61125,11316,61100,61150,1220,9:39:14,3874,61006,61199,13222,9:39:18,600,61006,61200,5200,9:39:14,9000,61003,61400,7110,9:39:18,11300,61000,61600,2550
539,1397/7/21 9:39:14,50,61125,11316,61100,61150,1220,9:39:28,3874,61006,61199,17222,9:39:18,600,61006,61200,5200,9:39:14,9000,61003,61400,7110,9:39:18,11300,61000,61600,2550
540,1397/7/21 9:39:33,50,61125,10616,61100,61150,1220,9:39:28,3874,61006,61199,17222,9:39:18,600,61006,61200,5200,9:39:14,9000,61003,61400,7110,9:39:18,11300,61000,61600,2550
541,1397/7/21 9:39:33,50,61125,10616,61100,61150,1220,9:39:28,3874,61006,61199,17222,9:39:41,600,61006,61200,35200,9:39:14,9000,61003,61400,7110,9:39:18,11300,61000,61600,2550
542,1397/7/21 9:39:44,40,61130,300,61110,61150,1220,9:39:44,10616,61100,61199,17222,9:39:44,3874,61100,61200,35200,9:39:44,600,61005,61400,7110,9:39:44,9000,61003,61600,2550
543,1397/7/21 9:39:46,50,61125,10566,61100,61150,1220,9:39:46,3874,61006,61199,17222,9:39:46,600,61006,61200,35200,9:39:46,9000,61003,61400,7110,9:39:46,11300,61000,61600,2550
544,1397/7/21 9:39:52,50,61125,4566,61100,61150,1220,9:39:46,3874,61006,61199,17222,9:39:46,600,61006,61200,35200,9:39:46,9000,61003,61400,7110,9:39:46,11300,61000,61600,2550
545,1397/7/21 9:39:57,50,61125,3546,61100,61150,1220,9:39:46,3874,61006,61199,17222,9:39:46,600,61006,61200,35200,9:39:46,9000,61003,61400,7110,9:39:46,11300,61000,61600,2550
546,1397/7/21 9:39:57,50,61125,3546,61100,61150,1220,9:39:46,3874,61006,61199,17222,9:39:46,600,61006,61200,35200,9:39:46,9000,61003,61400,7110,9:40:07,11300,61000,61500,360
547,1397/7/21 9:40:11,50,61125,3646,61100,61150,1220,9:39:46,3874,61006,61199,17222,9:39:46,600,61006,61200,35200,9:39:46,9000,61003,61400,7110,9:40:07,11300,61000,61500,360
548,1397/7/21 9:40:14,50,61125,3801,61100,61150,1220,9:39:46,3874,61006,61199,17222,9:39:46,600,61006,61200,35200,9:39:46,9000,61003,61400,7110,9:40:07,11300,61000,61500,360
549,1397/7/21 9:40:25,50,61125,3801,61100,61150,1420,9:39:46,3874,61006,61199,17222,9:39:46,600,61006,61200,35200,9:39:46,9000,61003,61400,7110,9:40:07,11300,61000,61500,360
550,1397/7/21 9:40:30,50,61125,3701,61100,61150,1420,9:39:46,3874,61006,61199,17222,9:39:46,600,61006,61200,35200,9:39:46,9000,61003,61400,7110,9:40:07,11300,61000,61500,360
551,1397/7/21 9:40:30,50,61125,3701,61100,61150,1420,9:39:46,3874,61006,61199,17222,9:39:46,600,61006,61200,35200,9:39:46,9000,61003,61400,7110,9:40:37,11300,61000,61500,2077
552,1397/7/21 9:41:03,50,61125,3701,61100,61150,1320,9:39:46,3874,61006,61199,17222,9:39:46,600,61006,61200,35200,9:39:46,9000,61003,61400,7110,9:40:37,11300,61000,61500,2077
553,1397/7/21 9:41:09,50,61125,3706,61100,61150,1320,9:39:46,3874,61006,61199,17222,9:39:46,600,61006,61200,35200,9:39:46,9000,61003,61400,7110,9:40:37,11300,61000,61500,2077
554,1397/7/21 9:41:12,50,61125,1216,61100,61150,1320,9:39:46,3874,61006,61199,17222,9:39:46,600,61006,61200,35200,9:39:46,9000,61003,61400,7110,9:40:37,11300,61000,61500,2077
555,1397/7/21 9:41:20,50,61125,1316,61100,61150,1320,9:39:46,3874,61006,61199,17222,9:39:46,600,61006,61200,35200,9:39:46,9000,61003,61400,7110,9:40:37,11300,61000,61500,2077
556,1397/7/21 9:41:20,50,61125,1316,61100,61150,1320,9:39:46,3874,61006,61199,17222,9:39:46,600,61006,61200,35200,9:39:46,9000,61003,61400,7110,9:41:35,11300,61000,61500,2469
557,1397/7/21 9:41:20,50,61125,1316,61100,61150,1320,9:41:38,3874,61006,61199,13222,9:39:46,600,61006,61200,35200,9:39:46,9000,61003,61400,7110,9:41:35,11300,61000,61500,2469
558,1397/7/21 9:41:39,50,61125,1316,61100,61150,507,9:41:38,3874,61006,61199,13222,9:39:46,600,61006,61200,35200,9:39:46,9000,61003,61400,7110,9:41:35,11300,61000,61500,2469
559,1397/7/21 9:41:56,50,61125,1152,61100,61150,507,9:41:56,400,61007,61199,13222,9:41:56,3874,61007,61200,35200,9:41:56,600,61005,61400,7110,9:41:56,9000,61003,61500,2469
560,1397/7/21 9:42:02,50,61125,14936,61100,61150,507,9:41:56,400,61007,61199,13222,9:41:56,3874,61007,61200,35200,9:41:56,600,61005,61400,7110,9:41:56,9000,61003,61500,2469
561,1397/7/21 9:42:05,50,61125,13219,61100,61150,507,9:41:56,400,61007,61199,13222,9:41:56,3874,61007,61200,35200,9:41:56,600,61005,61400,7110,9:42:05,9000,61003,61500,752
562,1397/7/21 9:42:15,50,61125,13319,61100,61150,507,9:41:56,400,61007,61199,13222,9:41:56,3874,61007,61200,35200,9:42:15,500,61005,61400,7110,9:42:05,9000,61003,61500,752
563,1397/7/21 9:42:15,50,61125,13319,61100,61150,507,9:41:56,400,61007,61199,13222,9:42:29,3874,61007,61200,30200,9:42:15,500,61005,61400,7110,9:42:05,9000,61003,61500,752
564,1397/7/21 9:42:15,50,61125,13319,61100,61150,507,9:42:30,2400,61007,61199,13222,9:42:29,3874,61007,61200,30200,9:42:15,500,61005,61400,7110,9:42:30,9000,61003,61500,1012
565,1397/7/21 9:42:32,200,61300,6071,61200,61400,7110,9:42:32,13319,61100,61500,1012,9:42:32,2400,61100,61600,2550,9:42:32,3874,61006,61650,11315,9:42:32,500,61005,61980,3500
566,1397/7/21 9:42:46,200,61300,3098,61200,61400,7110,9:42:32,13319,61100,61500,1012,9:42:32,2400,61100,61600,2550,9:42:32,3874,61006,61650,11315,9:42:32,500,61005,61980,3500
567,1397/7/21 9:42:53,100,61150,13319,61100,61200,1902,9:42:53,2400,61007,61400,7110,9:42:53,3874,61007,61500,1012,9:42:53,500,61005,61600,2550,9:42:53,9000,61003,61650,11315
568,1397/7/21 9:43:02,100,61150,13309,61100,61200,1902,9:42:53,2400,61007,61400,7110,9:42:53,3874,61007,61500,1012,9:42:53,500,61005,61600,2550,9:42:53,9000,61003,61650,11315
569,1397/7/21 9:43:12,99,61150,3804,61101,61200,1902,9:43:12,13309,61100,61400,7110,9:43:12,2400,61100,61500,1012,9:43:12,70,61006,61600,2550,9:43:12,500,61005,61650,11315
570,1397/7/21 9:43:15,99,61150,3804,61101,61200,1922,9:43:12,13309,61100,61400,7110,9:43:12,2400,61100,61500,1012,9:43:12,70,61006,61600,2550,9:43:12,500,61005,61650,11315
571,1397/7/21 9:43:23,99,61150,3804,61101,61200,1422,9:43:12,13309,61100,61400,7110,9:43:12,2400,61100,61500,1012,9:43:12,70,61006,61600,2550,9:43:12,500,61005,61650,11315
572,1397/7/21 9:43:23,99,61150,3804,61101,61200,1422,9:43:12,13309,61100,61400,7110,9:43:25,9000,61100,61500,1012,9:43:25,2400,61007,61600,2550,9:43:25,70,61006,61650,11315
573,1397/7/21 9:43:29,98,61151,13209,61102,61200,1422,9:43:29,3804,61101,61400,7110,9:43:29,100,61101,61500,1012,9:43:29,9000,61008,61600,2550,9:43:29,2400,61007,61650,11315
574,1397/7/21 9:43:29,98,61151,13209,61102,61200,1422,9:43:29,3804,61101,61400,7110,9:43:30,100,61101,61500,1762,9:43:29,9000,61008,61600,2550,9:43:29,2400,61007,61650,11315
575,1397/7/21 9:43:38,298,61251,13209,61102,61400,7110,9:43:38,3804,61101,61500,1762,9:43:38,100,61101,61600,2550,9:43:38,9000,61008,61650,11315,9:43:38,2400,61007,61980,3500
576,1397/7/21 9:43:50,295,61252,500,61105,61400,7110,9:43:50,13209,61102,61500,1762,9:43:50,3804,61102,61600,2550,9:43:50,100,61100,61650,11315,9:43:50,9000,61008,61980,3500
577,1397/7/21 9:44:02,295,61252,3500,61105,61400,7110,9:43:50,13209,61102,61500,1762,9:43:50,3804,61102,61600,2550,9:43:50,100,61100,61650,11315,9:43:50,9000,61008,61980,3500
578,1397/7/21 9:44:10,250,61275,50,61150,61400,7110,9:44:10,3500,61105,61500,1762,9:44:10,13209,61105,61600,2550,9:44:10,3804,61101,61650,11315,9:44:10,100,61100,61980,3500
579,1397/7/21 9:44:17,45,61127,3500,61105,61150,150,9:44:17,13209,61102,61400,7110,9:44:17,3804,61102,61500,1762,9:44:17,100,61100,61600,2550,9:44:17,9000,61008,61650,11315
580,1397/7/21 9:44:26,45,61127,3459,61105,61150,150,9:44:17,13209,61102,61400,7110,9:44:17,3804,61102,61500,1762,9:44:17,100,61100,61600,2550,9:44:17,9000,61008,61650,11315
581,1397/7/21 9:44:27,250,61275,350,61150,61400,7110,9:44:27,3459,61105,61500,1762,9:44:27,13209,61105,61600,2550,9:44:27,3804,61101,61650,11315,9:44:27,100,61100,61980,3500
582,1397/7/21 9:44:27,250,61275,350,61150,61400,7110,9:44:35,3000,61105,61500,1762,9:44:27,13209,61105,61600,2550,9:44:27,3804,61101,61650,11315,9:44:27,100,61100,61980,3500
583,1397/7/21 9:44:42,250,61275,149,61150,61400,7110,9:44:35,3000,61105,61500,1762,9:44:27,13209,61105,61600,2550,9:44:27,3804,61101,61650,11315,9:44:27,100,61100,61980,3500
584,1397/7/21 9:44:42,250,61275,149,61150,61400,7110,9:44:35,3000,61105,61500,1762,9:44:27,13209,61105,61600,2550,9:44:27,3804,61101,61650,11315,9:44:43,200,61100,61980,3500
585,1397/7/21 9:44:42,250,61275,149,61150,61400,7110,9:44:35,3000,61105,61500,1762,9:45:03,13209,61105,61600,3044,9:44:27,3804,61101,61650,11315,9:44:43,200,61100,61980,3500
586,1397/7/21 9:45:08,250,61275,649,61150,61400,7110,9:44:35,3000,61105,61500,1762,9:45:03,13209,61105,61600,3044,9:44:27,3804,61101,61650,11315,9:44:43,200,61100,61980,3500
587,1397/7/21 9:45:16,295,61252,349,61105,61400,7110,9:45:16,13209,61102,61500,1762,9:45:16,3804,61102,61600,3044,9:45:16,200,61100,61650,11315,9:45:16,9000,61008,61980,3500
588,1397/7/21 9:45:16,295,61252,349,61105,61400,7110,9:45:16,13209,61102,61500,1762,9:45:16,3804,61102,61600,3044,9:45:16,200,61100,61650,11315,9:45:26,9000,61008,61980,4000
589,1397/7/21 9:45:30,295,61252,3000,61105,61400,7110,9:45:16,13209,61102,61500,1762,9:45:16,3804,61102,61600,3044,9:45:16,200,61100,61650,11315,9:45:26,9000,61008,61980,4000
590,1397/7/21 9:45:39,295,61252,3000,61105,61400,10410,9:45:16,13209,61102,61500,1762,9:45:16,3804,61102,61600,3044,9:45:16,200,61100,61650,11315,9:45:26,9000,61008,61980,4000
591,1397/7/21 9:45:43,294,61253,9000,61106,61400,10410,9:45:43,3000,61105,61500,1762,9:45:43,13209,61105,61600,3044,9:45:43,3804,61101,61650,11315,9:45:43,200,61100,61980,4000
