,time1,Spread,Mid-price,volume_buy1,price_buy1,price_sell1,volume_sell1,time2,volume_buy2,price_buy2,price_sell2,volume_sell2,time3,volume_buy3,price_buy3,price_sell3,volume_sell3,time4,volume_buy4,price_buy4,price_sell4,volume_sell4,time5,volume_buy5,price_buy5,price_sell5,volume_sell5
0,1397/7/23 6:01:23,1000,64000,23000,63500,64500,100,6:01:23,220,61200,64550,1096,6:01:23,25000,61200,64598,500,6:01:23,20,61001,64600,2000,6:01:23,10000,60125,64613,1623
1,1397/7/23 8:30:08,0,64500,14,64500,64500,100,8:30:08,23000,63500,64550,1096,8:30:08,220,63500,64598,500,8:30:08,25000,61011,64600,2000,8:30:08,20,61001,64613,1623
2,1397/7/23 8:30:08,0,64500,14,64500,64500,100,8:30:20,23000,63500,64598,500,8:30:20,220,63500,64600,2000,8:30:20,25000,61011,64613,1623,8:30:20,20,61001,65000,16
3,1397/7/23 8:30:08,0,64500,14,64500,64500,100,8:30:28,23000,63500,64551,16,8:30:28,220,63500,64598,500,8:30:28,25000,61011,64600,2000,8:30:28,20,61001,64613,1623
4,1397/7/23 8:30:43,0,64400,14,64400,64400,1000,8:30:43,23000,63500,64500,100,8:30:43,220,63500,64551,16,8:30:43,25000,61011,64598,500,8:30:43,20,61001,64600,2000
5,1397/7/23 8:31:11,0,64400,14,64400,64400,1200,8:30:43,23000,63500,64500,100,8:30:43,220,63500,64551,16,8:30:43,25000,61011,64598,500,8:30:43,20,61001,64600,2000
6,1397/7/23 8:31:11,0,64400,14,64400,64400,1200,8:30:43,23000,63500,64500,100,8:31:21,320,63500,64551,16,8:30:43,25000,61011,64598,500,8:30:43,20,61001,64600,2000
7,1397/7/23 8:31:11,0,64400,14,64400,64400,1200,8:31:23,23470,63500,64500,100,8:31:21,320,63500,64551,16,8:30:43,25000,61011,64598,500,8:30:43,20,61001,64600,2000
8,1397/7/23 8:31:11,0,64400,14,64400,64400,1200,8:31:23,23470,63500,64500,100,8:31:25,636,63500,64551,16,8:31:25,320,61200,64598,500,8:31:25,25000,61011,64600,2000
9,1397/7/23 8:31:31,0,63500,23484,63500,63500,1000,8:31:31,636,62000,64400,200,8:31:31,320,62000,64500,100,8:31:31,25000,61011,64551,16,8:31:31,20,61001,64598,500
10,1397/7/23 8:31:31,0,63500,23484,63500,63500,1000,8:31:31,636,62000,64400,200,8:31:31,320,62000,64500,100,8:31:40,25100,61011,64551,16,8:31:31,20,61001,64598,500
11,1397/7/23 8:31:47,0,63500,23504,63500,63500,1000,8:31:31,636,62000,64400,200,8:31:31,320,62000,64500,100,8:31:40,25100,61011,64551,16,8:31:31,20,61001,64598,500
12,1397/7/23 8:32:03,0,63500,23804,63500,63500,1000,8:31:31,636,62000,64400,200,8:31:31,320,62000,64500,100,8:31:40,25100,61011,64551,16,8:31:31,20,61001,64598,500
13,1397/7/23 8:32:03,0,63500,23804,63500,63500,1000,8:32:06,1436,62000,64400,200,8:31:31,320,62000,64500,100,8:31:40,25100,61011,64551,16,8:31:31,20,61001,64598,500
14,1397/7/23 8:32:03,0,63500,23804,63500,63500,1000,8:32:06,1436,62000,64400,200,8:31:31,320,62000,64500,100,8:31:40,25100,61011,64551,16,8:32:07,3020,61001,64598,500
15,1397/7/23 8:32:16,0,63500,23824,63500,63500,1000,8:32:06,1436,62000,64400,200,8:31:31,320,62000,64500,100,8:31:40,25100,61011,64551,16,8:32:07,3020,61001,64598,500
16,1397/7/23 8:32:16,0,63500,23824,63500,63500,1000,8:32:06,1436,62000,64400,200,8:32:23,420,62000,64500,100,8:31:40,25100,61011,64551,16,8:32:07,3020,61001,64598,500
17,1397/7/23 8:32:27,0,63500,28824,63500,63500,1000,8:32:06,1436,62000,64400,200,8:32:23,420,62000,64500,100,8:31:40,25100,61011,64551,16,8:32:07,3020,61001,64598,500
18,1397/7/23 8:32:27,0,63500,28824,63500,63500,1000,8:32:06,1436,62000,64400,200,8:32:41,676,62000,64500,100,8:31:40,25100,61011,64551,16,8:32:07,3020,61001,64598,500
19,1397/7/23 8:32:27,0,63500,28824,63500,63500,1000,8:32:47,7457,62000,64400,200,8:32:41,676,62000,64500,100,8:31:40,25100,61011,64551,16,8:32:07,3020,61001,64598,500
20,1397/7/23 8:32:27,0,63500,28824,63500,63500,1000,8:32:47,7457,62000,64400,200,8:33:00,676,62000,64500,240,8:31:40,25100,61011,64551,16,8:32:07,3020,61001,64598,500
21,1397/7/23 8:33:04,0,63500,29824,63500,63500,1000,8:33:04,7457,62000,64500,440,8:33:04,676,62000,64551,16,8:33:04,25100,61011,64598,500,8:33:04,3020,61001,64600,2000
22,1397/7/23 8:33:04,0,63500,29824,63500,63500,1000,8:33:27,7507,62000,64500,440,8:33:04,676,62000,64551,16,8:33:04,25100,61011,64598,500,8:33:04,3020,61001,64600,2000
23,1397/7/23 8:33:04,0,63500,29824,63500,63500,1000,8:34:05,500,62500,64500,440,8:34:05,7507,62500,64551,16,8:34:05,676,61200,64598,500,8:34:05,25100,61011,64600,2000
24,1397/7/23 8:33:04,0,63500,29824,63500,63500,1000,8:34:05,500,62500,64500,440,8:34:05,7507,62500,64551,16,8:34:05,676,61200,64598,500,8:34:26,1000,61012,64600,2000
25,1397/7/23 8:34:40,0,63500,29824,63500,63500,2000,8:34:05,500,62500,64500,440,8:34:05,7507,62500,64551,16,8:34:05,676,61200,64598,500,8:34:26,1000,61012,64600,2000
26,1397/7/23 8:34:40,0,63500,29824,63500,63500,2000,8:34:51,560,62500,64500,440,8:34:05,7507,62500,64551,16,8:34:05,676,61200,64598,500,8:34:26,1000,61012,64600,2000
27,1397/7/23 8:34:57,0,63500,29979,63500,63500,2000,8:34:51,560,62500,64500,440,8:34:05,7507,62500,64551,16,8:34:05,676,61200,64598,500,8:34:26,1000,61012,64600,2000
28,1397/7/23 8:34:57,0,63500,29979,63500,63500,2000,8:34:51,560,62500,64500,440,8:35:31,7607,62500,64551,16,8:34:05,676,61200,64598,500,8:34:26,1000,61012,64600,2000
29,1397/7/23 8:34:57,0,63500,29979,63500,63500,2000,8:34:51,560,62500,64500,440,8:35:35,1100,62500,64551,16,8:35:35,7607,62000,64598,500,8:35:35,676,61200,64600,2000
30,1397/7/23 8:34:57,0,63500,29979,63500,63500,2000,8:35:41,560,62500,64449,20,8:35:41,1100,62500,64500,440,8:35:41,7607,62000,64551,16,8:35:41,676,61200,64598,500
31,1397/7/23 8:34:57,0,63500,29979,63500,63500,2000,8:35:41,560,62500,64449,20,8:36:01,1150,62500,64500,440,8:35:41,7607,62000,64551,16,8:35:41,676,61200,64598,500
32,1397/7/23 8:36:02,0,63500,29824,63500,63500,2000,8:36:02,155,63499,64449,20,8:36:02,560,63499,64500,440,8:36:02,1150,62001,64551,16,8:36:02,7607,62000,64598,500
33,1397/7/23 8:36:02,0,63500,29824,63500,63500,2000,8:36:02,155,63499,64449,20,8:36:08,560,63499,64500,740,8:36:02,1150,62001,64551,16,8:36:02,7607,62000,64598,500
34,1397/7/23 8:36:02,0,63500,29824,63500,63500,2000,8:36:02,155,63499,64449,20,8:36:08,560,63499,64500,740,8:36:02,1150,62001,64551,16,8:36:22,7707,62000,64598,500
35,1397/7/23 8:36:02,0,63500,29824,63500,63500,2000,8:36:23,155,63499,64500,740,8:36:23,560,63499,64551,16,8:36:23,1150,62001,64598,500,8:36:23,7707,62000,64600,2000
36,1397/7/23 8:36:32,0,63500,29524,63500,63500,2000,8:36:23,155,63499,64500,740,8:36:23,560,63499,64551,16,8:36:23,1150,62001,64598,500,8:36:23,7707,62000,64600,2000
37,1397/7/23 8:36:32,0,63500,29524,63500,63500,2000,8:36:33,100,63498,64500,740,8:36:23,560,63498,64551,16,8:36:23,1150,62001,64598,500,8:36:23,7707,62000,64600,2000
38,1397/7/23 8:36:32,0,63500,29524,63500,63500,2000,8:36:51,560,62500,64500,740,8:36:51,1150,62500,64551,16,8:36:51,7707,62000,64598,500,8:36:51,5000,61201,64600,2000
39,1397/7/23 8:36:32,0,63500,29524,63500,63500,2000,8:36:51,560,62500,64500,740,8:36:51,1150,62500,64551,16,8:37:16,9707,62000,64598,500,8:36:51,5000,61201,64600,2000
40,1397/7/23 8:36:32,0,63500,29524,63500,63500,2000,8:36:51,560,62500,64500,740,8:37:41,1550,62500,64551,16,8:37:16,9707,62000,64598,500,8:36:51,5000,61201,64600,2000
41,1397/7/23 8:38:03,0,63500,29524,63500,63500,2020,8:36:51,560,62500,64500,740,8:37:41,1550,62500,64551,16,8:37:16,9707,62000,64598,500,8:38:03,5100,61201,64600,2000
42,1397/7/23 8:38:44,0,63501,3054,63501,63501,2020,8:38:44,29470,63500,64500,740,8:38:44,560,63500,64551,16,8:38:44,1550,62001,64598,500,8:38:44,9707,62000,64600,2000
43,1397/7/23 8:38:44,0,63501,3054,63501,63501,2020,8:38:44,29470,63500,64500,740,8:38:44,560,63500,64551,16,8:39:33,635,62005,64598,500,8:39:33,1550,62001,64600,2000
44,1397/7/23 8:40:49,0,63501,3149,63501,63501,2020,8:38:44,29470,63500,64500,740,8:38:44,560,63500,64551,16,8:39:33,635,62005,64598,500,8:39:33,1550,62001,64600,2000
45,1397/7/23 8:41:14,0,63502,5554,63502,63502,2020,8:41:14,3095,63501,64500,740,8:41:14,29470,63501,64551,16,8:41:14,40,62600,64598,500,8:41:14,560,62500,64600,2000
46,1397/7/23 8:41:14,0,63502,5554,63502,63502,2020,8:41:14,3095,63501,64500,740,8:41:14,29470,63501,64551,16,8:41:14,40,62600,64598,500,8:41:31,639,62500,64600,2000
47,1397/7/23 8:41:36,0,63502,6177,63502,63502,2020,8:41:14,3095,63501,64500,740,8:41:14,29470,63501,64551,16,8:41:14,40,62600,64598,500,8:41:31,639,62500,64600,2000
48,1397/7/23 8:41:40,0,63503,3054,63503,63503,2020,8:41:40,6123,63502,64500,740,8:41:40,95,63502,64551,16,8:41:40,29470,63500,64598,500,8:41:40,40,62600,64600,2000
49,1397/7/23 8:42:06,0,63503,7750,63503,63503,2020,8:41:40,6123,63502,64500,740,8:41:40,95,63502,64551,16,8:41:40,29470,63500,64598,500,8:41:40,40,62600,64600,2000
50,1397/7/23 8:42:14,0,63503,7750,63503,63503,2120,8:41:40,6123,63502,64500,740,8:41:40,95,63502,64551,16,8:41:40,29470,63500,64598,500,8:41:40,40,62600,64600,2000
51,1397/7/23 8:42:14,0,63503,7750,63503,63503,2120,8:41:40,6123,63502,64500,740,8:41:40,95,63502,64551,16,8:41:40,29470,63500,64598,500,8:42:16,50,62601,64600,2000
52,1397/7/23 8:42:35,0,63503,7845,63503,63503,2120,8:41:40,6123,63502,64500,740,8:42:35,29470,63502,64551,16,8:42:35,50,62601,64598,500,8:42:35,40,62600,64600,2000
53,1397/7/23 8:42:41,0,63503,8345,63503,63503,2120,8:41:40,6123,63502,64500,740,8:42:35,29470,63502,64551,16,8:42:35,50,62601,64598,500,8:42:35,40,62600,64600,2000
54,1397/7/23 8:42:41,0,63503,8345,63503,63503,2120,8:43:00,6123,63502,64499,200,8:43:00,29470,63502,64500,740,8:43:00,50,62601,64551,16,8:43:00,40,62600,64598,500
55,1397/7/23 8:42:41,0,63503,8345,63503,63503,2120,8:43:41,6123,63502,63820,1000,8:43:41,29470,63502,64499,200,8:43:41,50,62601,64500,740,8:43:41,40,62600,64551,16
56,1397/7/23 8:43:58,0,63510,2754,63510,63510,2120,8:43:58,8291,63503,63820,1000,8:43:58,6123,63503,64499,200,8:43:58,29470,63500,64500,740,8:43:58,50,62601,64551,16
57,1397/7/23 8:43:58,0,63510,2754,63510,63510,2120,8:43:58,8291,63503,63820,1000,8:43:58,6123,63503,64499,200,8:44:18,31470,63500,64500,740,8:43:58,50,62601,64551,16
58,1397/7/23 8:43:58,0,63510,2754,63510,63510,2120,8:43:58,8291,63503,63820,1000,8:44:25,623,63503,64499,200,8:44:18,31470,63500,64500,740,8:43:58,50,62601,64551,16
59,1397/7/23 8:44:31,0,63510,2849,63510,63510,2120,8:44:31,8196,63503,63820,1000,8:44:25,623,63503,64499,200,8:44:18,31470,63500,64500,740,8:43:58,50,62601,64551,16
60,1397/7/23 8:44:59,0,63510,4069,63510,63510,2120,8:44:31,8196,63503,63820,1000,8:44:25,623,63503,64499,200,8:44:18,31470,63500,64500,740,8:43:58,50,62601,64551,16
61,1397/7/23 8:44:59,0,63510,4069,63510,63510,2120,8:45:03,5196,63503,63820,1000,8:44:25,623,63503,64499,200,8:44:18,31470,63500,64500,740,8:43:58,50,62601,64551,16
62,1397/7/23 8:44:59,0,63510,4069,63510,63510,2120,8:45:03,5196,63503,63820,1000,8:44:25,623,63503,64499,200,8:45:38,31670,63500,64500,740,8:43:58,50,62601,64551,16
63,1397/7/23 8:45:44,0,63510,4084,63510,63510,2120,8:45:03,5196,63503,63820,1000,8:44:25,623,63503,64499,200,8:45:38,31670,63500,64500,740,8:43:58,50,62601,64551,16
64,1397/7/23 8:45:51,0,63511,3289,63511,63511,2120,8:45:51,2795,63510,63820,1000,8:45:51,5196,63510,64499,200,8:45:51,623,63502,64500,740,8:45:51,31670,63500,64551,16
65,1397/7/23 8:46:21,0,63511,3384,63511,63511,2120,8:46:21,2700,63510,63820,1000,8:45:51,5196,63510,64499,200,8:45:51,623,63502,64500,740,8:45:51,31670,63500,64551,16
66,1397/7/23 8:46:37,0,63511,3289,63511,63511,2120,8:46:21,2700,63510,63820,1000,8:45:51,5196,63510,64499,200,8:45:51,623,63502,64500,740,8:45:51,31670,63500,64551,16
67,1397/7/23 8:46:50,0,63520,4769,63520,63520,2120,8:46:50,1220,63511,63820,1000,8:45:51,5196,63511,64499,200,8:45:51,623,63502,64500,740,8:45:51,31670,63500,64551,16
68,1397/7/23 8:47:14,0,63530,2769,63530,63530,2120,8:47:14,2000,63520,63820,1000,8:47:14,1220,63520,64499,200,8:47:14,5196,63503,64500,740,8:47:14,623,63502,64551,16
69,1397/7/23 8:47:14,0,63530,2769,63530,63530,2120,8:48:03,2016,63520,63820,1000,8:47:14,1220,63520,64499,200,8:47:14,5196,63503,64500,740,8:47:14,623,63502,64551,16
70,1397/7/23 8:47:14,0,63530,2769,63530,63530,2120,8:48:03,2016,63520,63820,1000,8:48:07,1220,63520,64400,100,8:48:07,5196,63503,64499,200,8:48:07,623,63502,64500,740
71,1397/7/23 8:48:17,0,63511,3305,63511,63511,2120,8:48:17,5196,63503,63820,1000,8:48:17,623,63503,64400,100,8:48:17,31200,63500,64499,200,8:48:17,89,62601,64500,740
72,1397/7/23 8:48:28,0,63520,2241,63520,63520,2120,8:48:28,1220,63511,63820,1000,8:48:28,5196,63511,64400,100,8:48:28,623,63502,64499,200,8:48:28,31200,63500,64500,740
73,1397/7/23 8:48:38,0,63520,2280,63520,63520,2120,8:48:28,1220,63511,63820,1000,8:48:28,5196,63511,64400,100,8:48:28,623,63502,64499,200,8:48:28,31200,63500,64500,740
74,1397/7/23 8:48:51,0,63520,2124,63520,63520,2120,8:48:28,1220,63511,63820,1000,8:48:28,5196,63511,64400,100,8:48:28,623,63502,64499,200,8:48:28,31200,63500,64500,740
75,1397/7/23 8:49:06,0,63520,2174,63520,63520,2120,8:48:28,1220,63511,63820,1000,8:48:28,5196,63511,64400,100,8:48:28,623,63502,64499,200,8:48:28,31200,63500,64500,740
76,1397/7/23 8:49:06,0,63520,2174,63520,63520,2120,8:49:13,1220,63511,64400,100,8:49:13,5196,63511,64499,200,8:49:13,623,63502,64500,740,8:49:13,31200,63500,64551,16
77,1397/7/23 8:49:06,0,63520,2174,63520,63520,2120,8:49:13,1220,63511,64400,100,8:49:13,5196,63511,64499,200,8:49:13,623,63502,64500,740,8:49:28,31983,63500,64551,16
78,1397/7/23 8:49:54,0,63521,2069,63521,63521,2120,8:49:54,2261,63520,64400,100,8:49:54,1220,63520,64499,200,8:49:54,5196,63503,64500,740,8:49:54,623,63502,64551,16
79,1397/7/23 8:50:24,0,63521,3069,63521,63521,2120,8:49:54,2261,63520,64400,100,8:49:54,1220,63520,64499,200,8:49:54,5196,63503,64500,740,8:49:54,623,63502,64551,16
80,1397/7/23 8:50:25,0,63521,3225,63521,63521,2120,8:50:25,2105,63520,64400,100,8:49:54,1220,63520,64499,200,8:49:54,5196,63503,64500,740,8:49:54,623,63502,64551,16
81,1397/7/23 8:50:25,0,63521,3225,63521,63521,2120,8:50:25,2105,63520,64400,100,8:49:54,1220,63520,64499,200,8:50:45,500,63510,64500,740,8:50:45,5196,63503,64551,16
82,1397/7/23 8:50:47,0,63600,6090,63600,63600,2120,8:50:47,3156,63521,64400,100,8:50:47,2105,63521,64499,200,8:50:47,1220,63511,64500,740,8:50:47,500,63510,64551,16
83,1397/7/23 8:51:05,0,63528,6090,63528,63528,2120,8:50:47,3156,63521,64400,100,8:50:47,2105,63521,64499,200,8:50:47,1220,63511,64500,740,8:50:47,500,63510,64551,16
84,1397/7/23 8:51:07,0,63528,6129,63528,63528,2120,8:50:47,3156,63521,64400,100,8:51:07,2066,63521,64499,200,8:50:47,1220,63511,64500,740,8:50:47,500,63510,64551,16
85,1397/7/23 8:51:38,0,63528,7129,63528,63528,2120,8:50:47,3156,63521,64400,100,8:51:07,2066,63521,64499,200,8:50:47,1220,63511,64500,740,8:50:47,500,63510,64551,16
86,1397/7/23 8:51:41,0,63528,7285,63528,63528,2120,8:51:41,3000,63521,64400,100,8:51:07,2066,63521,64499,200,8:50:47,1220,63511,64500,740,8:50:47,500,63510,64551,16
87,1397/7/23 8:52:02,0,63528,7246,63528,63528,2120,8:51:41,3000,63521,64400,100,8:51:07,2066,63521,64499,200,8:50:47,1220,63511,64500,740,8:50:47,500,63510,64551,16
88,1397/7/23 8:52:35,0,63528,7446,63528,63528,2120,8:51:41,3000,63521,64400,100,8:51:07,2066,63521,64499,200,8:50:47,1220,63511,64500,740,8:50:47,500,63510,64551,16
89,1397/7/23 8:52:44,0,64100,2269,64100,64100,2120,8:52:44,1000,63530,64400,100,8:52:44,6177,63530,64499,200,8:52:44,3000,63521,64500,740,8:52:44,2066,63520,64551,16
90,1397/7/23 8:52:44,0,64100,2269,64100,64100,2120,8:52:58,2564,63530,64400,100,8:52:44,6177,63530,64499,200,8:52:44,3000,63521,64500,740,8:52:44,2066,63520,64551,16
91,1397/7/23 8:52:44,0,64100,2269,64100,64100,2120,8:53:09,1000,63530,64400,100,8:52:44,6177,63530,64499,200,8:52:44,3000,63521,64500,740,8:52:44,2066,63520,64551,16
92,1397/7/23 8:53:23,0,64100,2425,64100,64100,2120,8:53:09,1000,63530,64400,100,8:53:23,6021,63530,64499,200,8:52:44,3000,63521,64500,740,8:52:44,2066,63520,64551,16
93,1397/7/23 8:53:23,0,64100,2425,64100,64100,2120,8:53:48,1000,63531,64400,100,8:53:48,1000,63531,64499,200,8:53:48,6021,63528,64500,740,8:53:48,3000,63521,64551,16
94,1397/7/23 8:53:23,0,64100,2425,64100,64100,2120,8:53:52,2000,63550,64400,100,8:53:52,1000,63550,64499,200,8:53:52,1000,63530,64500,740,8:53:52,6021,63528,64551,16
95,1397/7/23 8:54:14,0,64500,2069,64500,64500,2160,8:54:14,356,64100,64551,16,8:54:14,2000,64100,64600,2000,8:54:14,1000,63531,64613,1623,8:54:14,2220,63530,65000,166
96,1397/7/23 8:54:14,0,64500,2069,64500,64500,2160,8:54:14,356,64100,64551,16,8:54:14,2000,64100,64600,2000,8:54:14,1000,63531,64613,1623,8:54:16,2220,63530,65000,286
97,1397/7/23 8:54:14,0,64500,2069,64500,64500,2160,8:54:25,372,64100,64551,16,8:54:14,2000,64100,64600,2000,8:54:14,1000,63531,64613,1623,8:54:16,2220,63530,65000,286
98,1397/7/23 8:54:44,0,64600,2300,64600,64600,4176,8:54:44,372,64100,64613,1623,8:54:44,2000,64100,65000,286,8:54:44,1000,63531,65148,3385,8:54:44,2220,63530,65405,545
99,1397/7/23 8:54:44,0,64600,2300,64600,64600,4176,8:54:46,156,64551,64613,1623,8:54:46,216,64551,65000,286,8:54:46,2000,63550,65148,3385,8:54:46,1000,63531,65405,545
100,1397/7/23 8:55:10,0,64500,2456,64500,64500,3160,8:55:10,216,64100,64551,16,8:55:10,2000,64100,64600,2000,8:55:10,1000,63531,64613,1623,8:55:10,2220,63530,65000,286
101,1397/7/23 8:55:35,0,64500,2456,64500,64500,4160,8:55:10,216,64100,64551,16,8:55:10,2000,64100,64600,2000,8:55:10,1000,63531,64613,1623,8:55:10,2220,63530,65000,286
102,1397/7/23 8:55:51,0,64500,3456,64500,64500,4160,8:55:10,216,64100,64551,16,8:55:10,2000,64100,64600,2000,8:55:10,1000,63531,64613,1623,8:55:10,2220,63530,65000,286
103,1397/7/23 8:55:59,0,64501,3456,64501,64501,3160,8:55:10,216,64100,64551,16,8:55:10,2000,64100,64600,2000,8:55:10,1000,63531,64613,1623,8:55:10,2220,63530,65000,286
104,1397/7/23 8:55:59,0,64501,3456,64501,64501,3160,8:55:10,216,64100,64551,16,8:56:21,2000,64100,64613,1623,8:56:21,1000,63531,65000,286,8:56:21,2220,63530,65148,3385
105,1397/7/23 8:55:59,0,64501,3456,64501,64501,3160,8:56:32,50,64101,64551,16,8:56:32,216,64101,64613,1623,8:56:32,2000,63550,65000,286,8:56:32,1000,63531,65148,3385
106,1397/7/23 8:56:38,0,64501,3456,64501,64501,2860,8:56:32,50,64101,64551,16,8:56:32,216,64101,64613,1623,8:56:32,2000,63550,65000,286,8:56:32,1000,63531,65148,3385
107,1397/7/23 8:56:38,0,64501,3456,64501,64501,2860,8:57:38,30,64401,64551,16,8:57:38,50,64401,64613,1623,8:57:38,216,64100,65000,286,8:57:38,2000,63550,65148,3385
108,1397/7/23 8:56:38,0,64501,3456,64501,64501,2860,8:58:04,50,64101,64551,16,8:58:04,216,64101,64613,1623,8:58:04,2000,63550,65000,286,8:58:04,1000,63531,65148,3385
109,1397/7/23 8:58:06,0,64501,3472,64501,64501,2860,8:58:04,50,64101,64551,16,8:58:06,200,64101,64613,1623,8:58:04,2000,63550,65000,286,8:58:04,1000,63531,65148,3385
110,1397/7/23 8:58:06,0,64501,3472,64501,64501,2860,8:58:04,50,64101,64551,16,8:58:06,200,64101,64613,1623,8:58:07,3000,63551,65000,286,8:58:07,2000,63550,65148,3385
111,1397/7/23 8:58:06,0,64501,3472,64501,64501,2860,8:58:04,50,64101,64551,16,8:58:06,200,64101,64613,1623,8:58:38,3000,63551,65000,586,8:58:07,2000,63550,65148,3385
112,1397/7/23 8:58:42,0,64501,4472,64501,64501,2860,8:58:04,50,64101,64551,16,8:58:06,200,64101,64613,1623,8:58:38,3000,63551,65000,586,8:58:07,2000,63550,65148,3385
113,1397/7/23 8:58:42,0,64501,4472,64501,64501,2860,8:58:04,50,64101,64551,16,8:59:05,200,64101,64613,1023,8:58:38,3000,63551,65000,586,8:59:05,2000,63550,65147,600
114,1397/7/23 8:59:09,0,64600,8321,64600,64600,2876,8:59:09,2172,64501,64613,1023,8:59:09,50,64501,65000,586,8:59:09,200,64100,65147,600,8:59:09,3000,63551,65148,3385
115,1397/7/23 8:59:09,0,64600,8321,64600,64600,2876,8:59:09,2172,64501,64613,1023,8:59:27,50,64501,64909,500,8:59:27,200,64100,65000,586,8:59:27,3000,63551,65147,600
116,1397/7/23 8:59:33,0,64600,8337,64600,64600,2876,8:59:33,2156,64501,64613,1023,8:59:27,50,64501,64909,500,8:59:27,200,64100,65000,586,8:59:27,3000,63551,65147,600
117,1397/7/23 8:59:37,0,64600,9337,64600,64600,2876,8:59:37,1156,64501,64613,1023,8:59:27,50,64501,64909,500,8:59:27,200,64100,65000,586,8:59:27,3000,63551,65147,600
118,1397/7/23 8:59:44,0,64600,9387,64600,64600,2876,8:59:37,1156,64501,64613,1023,8:59:27,50,64501,64909,500,8:59:27,200,64100,65000,586,8:59:27,3000,63551,65147,600
119,1397/7/23 8:59:55,0,64601,8119,64601,64601,2876,8:59:55,7268,64600,64613,1023,8:59:55,1156,64600,64909,500,8:59:55,50,64101,65000,586,8:59:55,200,64100,65147,600
120,1397/7/23 9:00:00,0,65000,8069,65000,65000,4985,9:00:00,6050,64601,65147,600,9:00:00,7268,64601,65148,3385,9:00:00,1156,64501,65405,545,9:00:00,50,64101,65500,3000
121,1397/7/23 9:00:00,0,65000,8069,65000,65000,4985,9:00:04,10000,64620,65147,600,9:00:04,6050,64620,65148,3385,9:00:04,7268,64600,65405,545,9:00:04,1156,64501,65500,3000
122,1397/7/23 9:00:11,0,65000,8069,65000,65000,4845,9:00:04,10000,64620,65147,600,9:00:04,6050,64620,65148,3385,9:00:04,7268,64600,65405,545,9:00:04,1156,64501,65500,3000
123,1397/7/23 9:00:33,147,65073,3224,65000,65147,600,9:00:33,10000,64620,65148,3385,9:00:33,6050,64620,65405,545,9:00:33,7268,64600,65500,3000,9:00:33,1156,64501,66000,7471
124,1397/7/23 9:00:33,147,65073,3224,65000,65147,600,9:00:46,6050,64601,65148,3385,9:00:46,7268,64601,65405,545,9:00:46,1156,64501,65500,3000,9:00:46,50,64101,66000,7471
125,1397/7/23 9:00:49,146,65074,6000,65001,65147,600,9:00:49,3224,65000,65148,3385,9:00:49,50,65000,65405,545,9:00:49,7268,64600,65500,3000,9:00:49,1156,64501,66000,7471
126,1397/7/23 9:00:49,146,65074,6000,65001,65147,600,9:00:49,3224,65000,65148,3385,9:00:49,50,65000,65405,545,9:00:50,6268,64600,65500,3000,9:00:49,1156,64501,66000,7471
127,1397/7/23 9:00:49,146,65074,6000,65001,65147,600,9:00:49,3224,65000,65148,3385,9:00:49,50,65000,65405,545,9:00:50,6268,64600,65500,3000,9:00:52,1156,64501,66000,9292
128,1397/7/23 9:01:04,205,65302,1015,65200,65405,545,9:01:04,6000,65001,65500,3000,9:01:04,3224,65001,66000,9292,9:01:04,50,64601,66300,3000,9:01:04,6268,64600,66398,10000
129,1397/7/23 9:01:04,205,65302,1015,65200,65405,545,9:01:18,500,65147,65500,3000,9:01:18,6000,65147,66000,9292,9:01:18,3224,65000,66300,3000,9:01:18,50,64601,66398,10000
130,1397/7/23 9:01:04,205,65302,1015,65200,65405,545,9:01:18,500,65147,65500,3000,9:01:18,6000,65147,66000,9292,9:01:25,9245,65000,66300,3000,9:01:18,50,64601,66398,10000
131,1397/7/23 9:01:28,205,65302,2015,65200,65405,545,9:01:18,500,65147,65500,3000,9:01:28,6000,65147,66000,8492,9:01:25,9245,65000,66300,3000,9:01:18,50,64601,66398,10000
132,1397/7/23 9:01:31,205,65302,2015,65200,65405,45,9:01:31,6000,65001,65500,3000,9:01:31,9245,65001,66000,8492,9:01:31,50,64601,66300,3000,9:01:31,247,64600,66398,10000
133,1397/7/23 9:01:37,204,65302,4015,65200,65404,174,9:01:37,6000,65001,65405,45,9:01:37,9245,65001,65500,3000,9:01:37,50,64601,66000,8492,9:01:37,247,64600,66300,3000
134,1397/7/23 9:01:37,204,65302,4015,65200,65404,174,9:01:48,6000,65001,65405,80,9:01:37,9245,65001,65500,3000,9:01:37,50,64601,66000,8492,9:01:37,247,64600,66300,3000
135,1397/7/23 9:01:53,95,65452,50,65405,65500,3000,9:01:53,4015,65200,66000,8492,9:01:53,6000,65200,66300,3000,9:01:53,9245,65000,66398,10000,9:01:53,50,64601,66400,18000
136,1397/7/23 9:02:04,95,65452,2050,65405,65500,3000,9:01:53,4015,65200,66000,8492,9:01:53,6000,65200,66300,3000,9:01:53,9245,65000,66398,10000,9:01:53,50,64601,66400,18000
137,1397/7/23 9:02:05,500,65750,274,65500,66000,8492,9:02:05,2050,65405,66300,3000,9:02:05,4015,65405,66398,10000,9:02:05,6000,65001,66400,18000,9:02:05,6021,65000,66499,20000
138,1397/7/23 9:02:08,500,65750,254,65500,66000,8492,9:02:05,2050,65405,66300,3000,9:02:05,4015,65405,66398,10000,9:02:05,6000,65001,66400,18000,9:02:05,6021,65000,66499,20000
139,1397/7/23 9:02:08,500,65750,254,65500,66000,8492,9:02:05,2050,65405,66300,3000,9:02:05,4015,65405,66398,10000,9:02:05,6000,65001,66400,18000,9:02:12,6060,65000,66499,20000
140,1397/7/23 9:02:08,500,65750,254,65500,66000,8492,9:02:14,7050,65405,66300,3000,9:02:05,4015,65405,66398,10000,9:02:05,6000,65001,66400,18000,9:02:12,6060,65000,66499,20000
141,1397/7/23 9:02:19,100,65550,254,65500,65600,100,9:02:19,7050,65405,66000,8492,9:02:19,4015,65405,66300,3000,9:02:19,6000,65001,66398,10000,9:02:19,6060,65000,66400,18000
142,1397/7/23 9:02:20,500,65750,254,65500,66000,7592,9:02:20,7050,65405,66300,3000,9:02:20,4015,65405,66398,10000,9:02:20,6000,65001,66400,18000,9:02:20,6060,65000,66499,20000
143,1397/7/23 9:02:27,400,65800,454,65600,66000,7592,9:02:27,254,65500,66300,3000,9:02:27,7050,65500,66398,10000,9:02:27,4015,65200,66400,18000,9:02:27,6000,65001,66499,20000
144,1397/7/23 9:02:33,400,65800,454,65600,66000,13592,9:02:33,254,65500,66290,100,9:02:33,7050,65500,66300,3000,9:02:33,4015,65200,66398,10000,9:02:33,6000,65001,66400,18000
145,1397/7/23 9:02:33,400,65800,454,65600,66000,13592,9:02:33,254,65500,66290,100,9:02:34,20,65500,66300,3000,9:02:34,7050,65405,66398,10000,9:02:34,4015,65200,66400,18000
146,1397/7/23 9:02:36,399,65799,454,65600,65999,5000,9:02:36,254,65500,66000,13592,9:02:36,20,65500,66290,100,9:02:36,7050,65405,66300,3000,9:02:36,4015,65200,66398,10000
147,1397/7/23 9:02:36,399,65799,454,65600,65999,5000,9:02:47,254,65500,66000,13792,9:02:36,20,65500,66290,100,9:02:36,7050,65405,66300,3000,9:02:36,4015,65200,66398,10000
148,1397/7/23 9:02:48,399,65799,470,65600,65999,5000,9:02:47,254,65500,66000,13792,9:02:36,20,65500,66290,100,9:02:36,7050,65405,66300,3000,9:02:48,2015,65200,66398,10000
149,1397/7/23 9:02:49,399,65799,470,65600,65999,4000,9:02:47,254,65500,66000,13792,9:02:36,20,65500,66290,100,9:02:36,7050,65405,66300,3000,9:02:48,2015,65200,66398,10000
150,1397/7/23 9:02:49,399,65799,470,65600,65999,4000,9:02:47,254,65500,66000,13792,9:02:36,20,65500,66290,100,9:02:59,7000,65405,66300,3000,9:02:48,2015,65200,66398,10000
151,1397/7/23 9:03:02,399,65799,470,65600,65999,3950,9:02:47,254,65500,66000,13792,9:02:36,20,65500,66290,100,9:02:59,7000,65405,66300,3000,9:02:48,2015,65200,66398,10000
152,1397/7/23 9:03:04,398,65799,470,65600,65998,200,9:03:04,254,65500,65999,3950,9:03:04,20,65500,66000,13792,9:03:04,7000,65405,66290,100,9:03:04,2015,65200,66300,3000
153,1397/7/23 9:03:04,398,65799,470,65600,65998,200,9:03:04,254,65500,65999,3950,9:03:04,20,65500,66000,13792,9:03:05,2000,65405,66290,100,9:03:05,5000,65305,66300,3000
154,1397/7/23 9:03:06,298,65849,3000,65700,65998,200,9:03:06,470,65600,65999,3950,9:03:06,254,65600,66000,13792,9:03:06,20,65410,66290,100,9:03:06,2000,65405,66300,3000
155,1397/7/23 9:03:06,298,65849,3000,65700,65998,200,9:03:08,470,65600,65999,4000,9:03:06,254,65600,66000,13792,9:03:06,20,65410,66290,100,9:03:06,2000,65405,66300,3000
156,1397/7/23 9:03:06,298,65849,3000,65700,65998,200,9:03:13,16,65600,65999,4000,9:03:06,254,65600,66000,13792,9:03:06,20,65410,66290,100,9:03:06,2000,65405,66300,3000
157,1397/7/23 9:03:06,298,65849,3000,65700,65998,200,9:03:13,16,65600,65999,4000,9:03:17,557,65600,66000,13792,9:03:06,20,65410,66290,100,9:03:06,2000,65405,66300,3000
158,1397/7/23 9:03:19,297,65849,6000,65701,65998,200,9:03:19,3000,65700,65999,4000,9:03:19,16,65700,66000,13792,9:03:19,557,65500,66290,100,9:03:19,20,65410,66300,3000
159,1397/7/23 9:03:19,297,65849,6000,65701,65998,200,9:03:19,3000,65700,65999,4000,9:03:31,16,65700,66000,13932,9:03:19,557,65500,66290,100,9:03:19,20,65410,66300,3000
160,1397/7/23 9:03:44,296,65849,6000,65701,65997,100,9:03:44,3000,65700,65998,200,9:03:44,16,65700,65999,4000,9:03:44,557,65500,66000,13932,9:03:44,20,65410,66290,100
161,1397/7/23 9:03:47,296,65849,6000,65701,65997,80,9:03:44,3000,65700,65998,200,9:03:44,16,65700,65999,4000,9:03:44,557,65500,66000,13932,9:03:47,2000,65405,66200,4740
162,1397/7/23 9:03:47,296,65849,6000,65701,65997,80,9:03:48,3500,65700,65998,200,9:03:44,16,65700,65999,4000,9:03:44,557,65500,66000,13932,9:03:47,2000,65405,66200,4740
163,1397/7/23 9:03:55,296,65849,5900,65701,65997,80,9:03:48,3500,65700,65998,200,9:03:44,16,65700,65999,4000,9:03:44,557,65500,66000,13932,9:03:47,2000,65405,66200,4740
164,1397/7/23 9:03:55,296,65849,5900,65701,65997,80,9:03:48,3500,65700,65998,200,9:03:44,16,65700,65999,4000,9:03:44,557,65500,66000,13932,9:03:57,5000,65305,66200,4740
165,1397/7/23 9:03:55,296,65849,5900,65701,65997,80,9:03:48,3500,65700,65998,200,9:03:44,16,65700,65999,4000,9:04:02,557,65500,66000,14165,9:03:57,5000,65305,66200,4740
166,1397/7/23 9:04:04,296,65849,1900,65701,65997,80,9:03:48,3500,65700,65998,200,9:03:44,16,65700,65999,4000,9:04:02,557,65500,66000,14165,9:03:57,5000,65305,66200,4740
167,1397/7/23 9:04:10,1,65700,3500,65700,65701,537,9:04:10,16,65600,65997,80,9:04:10,557,65600,65998,200,9:04:10,5000,65305,65999,4000,9:04:10,2015,65200,66000,14165
168,1397/7/23 9:04:12,1,65700,3500,65700,65701,3537,9:04:10,16,65600,65997,80,9:04:10,557,65600,65998,200,9:04:10,5000,65305,65999,4000,9:04:10,2015,65200,66000,14165
169,1397/7/23 9:04:12,1,65700,3500,65700,65701,3537,9:04:13,557,65500,65997,80,9:04:13,5000,65500,65998,200,9:04:13,2015,65200,65999,4000,9:04:13,7460,65000,66000,14165
170,1397/7/23 9:04:17,1,65700,3500,65700,65701,3461,9:04:13,557,65500,65997,80,9:04:13,5000,65500,65998,200,9:04:13,2015,65200,65999,4000,9:04:13,7460,65000,66000,14165
171,1397/7/23 9:04:20,1,65700,3500,65700,65701,1861,9:04:13,557,65500,65997,80,9:04:13,5000,65500,65998,200,9:04:13,2015,65200,65999,4000,9:04:13,7460,65000,66000,14165
172,1397/7/23 9:04:20,1,65700,3500,65700,65701,1861,9:04:13,557,65500,65997,80,9:04:13,5000,65500,65998,200,9:04:22,1000,65200,65999,4000,9:04:13,7460,65000,66000,14165
173,1397/7/23 9:04:26,200,65600,557,65500,65700,450,9:04:26,5000,65305,65701,1861,9:04:26,1000,65305,65997,80,9:04:26,7460,65000,65998,200,9:04:26,231,64600,65999,50
174,1397/7/23 9:04:28,200,65600,556,65500,65700,450,9:04:26,5000,65305,65701,1861,9:04:26,1000,65305,65997,80,9:04:26,7460,65000,65998,200,9:04:26,231,64600,65999,50
175,1397/7/23 9:04:28,200,65600,556,65500,65700,450,9:04:26,5000,65305,65701,1861,9:04:26,1000,65305,65997,80,9:04:38,7860,65000,65998,200,9:04:26,231,64600,65999,50
176,1397/7/23 9:04:39,200,65600,556,65500,65700,405,9:04:26,5000,65305,65701,1861,9:04:26,1000,65305,65997,80,9:04:38,7860,65000,65998,200,9:04:26,231,64600,65999,50
177,1397/7/23 9:04:41,200,66100,1189,66000,66200,4740,9:04:41,656,65500,66290,100,9:04:41,5000,65500,66300,5000,9:04:41,1000,65200,66398,10000,9:04:41,1839,65000,66400,18000
178,1397/7/23 9:04:41,200,66100,1189,66000,66200,4740,9:04:41,656,65500,66290,100,9:04:41,5000,65500,66300,5000,9:04:41,1000,65200,66398,10000,9:04:44,439,65000,66400,18000
179,1397/7/23 9:04:49,200,66100,4189,66000,66200,4740,9:04:41,656,65500,66290,100,9:04:41,5000,65500,66300,5000,9:04:41,1000,65200,66398,10000,9:04:44,439,65000,66400,18000
180,1397/7/23 9:04:49,200,66100,4189,66000,66200,4740,9:04:51,695,65500,66290,100,9:04:41,5000,65500,66300,5000,9:04:41,1000,65200,66398,10000,9:04:51,400,65000,66400,18000
181,1397/7/23 9:04:54,500,65750,695,65500,66000,2811,9:04:54,5000,65305,66200,4740,9:04:54,1000,65305,66290,100,9:04:54,400,65000,66300,5000,9:04:54,231,64600,66398,10000
182,1397/7/23 9:04:55,500,65750,645,65500,66000,2811,9:04:54,5000,65305,66200,4740,9:04:54,1000,65305,66290,100,9:04:54,400,65000,66300,5000,9:04:54,231,64600,66398,10000
183,1397/7/23 9:05:01,300,65850,10000,65700,66000,5161,9:05:01,645,65500,66200,4740,9:05:01,5000,65500,66290,100,9:05:01,1000,65200,66300,5000,9:05:01,400,65000,66398,10000
184,1397/7/23 9:05:01,300,65850,10000,65700,66000,5161,9:05:01,645,65500,66200,4740,9:05:02,5000,65500,66264,2000,9:05:02,1000,65200,66290,100,9:05:02,400,65000,66300,3000
185,1397/7/23 9:05:01,300,65850,10000,65700,66000,5161,9:05:06,645,65500,66200,4890,9:05:02,5000,65500,66264,2000,9:05:02,1000,65200,66290,100,9:05:02,400,65000,66300,3000
186,1397/7/23 9:05:01,300,65850,10000,65700,66000,5161,9:05:14,645,65500,66199,2000,9:05:14,5000,65500,66200,4990,9:05:14,1000,65200,66264,2000,9:05:14,400,65000,66290,100
187,1397/7/23 9:05:15,199,66099,4839,66000,66199,2000,9:05:15,10000,65700,66200,4990,9:05:15,645,65700,66264,2000,9:05:15,5000,65305,66290,100,9:05:15,1000,65200,66300,3000
188,1397/7/23 9:05:16,199,66099,2400,66000,66199,2000,9:05:15,10000,65700,66200,4990,9:05:15,645,65700,66264,2000,9:05:15,5000,65305,66290,100,9:05:15,1000,65200,66300,3000
189,1397/7/23 9:05:23,199,66099,1477,66000,66199,2000,9:05:15,10000,65700,66200,4990,9:05:15,645,65700,66264,2000,9:05:15,5000,65305,66290,100,9:05:15,1000,65200,66300,3000
190,1397/7/23 9:05:25,199,66099,477,66000,66199,2000,9:05:15,10000,65700,66200,4990,9:05:15,645,65700,66264,2000,9:05:15,5000,65305,66290,100,9:05:15,1000,65200,66300,3000
191,1397/7/23 9:05:30,199,66099,477,66000,66199,2100,9:05:30,10000,65700,66200,4890,9:05:15,645,65700,66264,2000,9:05:15,5000,65305,66290,100,9:05:15,1000,65200,66300,3000
192,1397/7/23 9:05:33,300,65850,10000,65700,66000,23,9:05:33,1645,65500,66199,2100,9:05:33,5000,65500,66200,4890,9:05:33,400,65000,66264,2000,9:05:33,231,64600,66290,100
193,1397/7/23 9:05:36,149,66124,767,66050,66199,2100,9:05:36,10000,65700,66200,4890,9:05:36,1645,65700,66264,2000,9:05:36,5000,65305,66290,100,9:05:36,400,65000,66300,3000
194,1397/7/23 9:05:42,140,66120,767,66050,66190,150,9:05:42,10000,65700,66199,2100,9:05:42,1645,65700,66200,4740,9:05:42,5000,65305,66264,2000,9:05:42,400,65000,66290,100
195,1397/7/23 9:05:44,149,66124,767,66050,66199,250,9:05:44,10000,65700,66200,4740,9:05:44,1645,65700,66264,2000,9:05:44,5000,65305,66290,100,9:05:44,400,65000,66300,3000
196,1397/7/23 9:05:44,149,66124,767,66050,66199,250,9:05:44,10000,65700,66200,4740,9:05:44,1645,65700,66264,2000,9:05:44,5000,65305,66290,100,9:05:48,1800,65000,66300,3000
197,1397/7/23 9:05:44,149,66124,767,66050,66199,250,9:05:44,10000,65700,66200,4740,9:05:44,1645,65700,66264,2000,9:05:44,5000,65305,66290,100,9:05:57,1800,65000,66299,1000
198,1397/7/23 9:05:44,149,66124,767,66050,66199,250,9:05:58,200,66000,66200,4740,9:05:58,10000,66000,66264,2000,9:05:58,1645,65500,66290,100,9:05:58,5000,65305,66299,1000
199,1397/7/23 9:06:04,149,66124,767,66050,66199,225,9:05:58,200,66000,66200,4740,9:05:58,10000,66000,66264,2000,9:05:58,1645,65500,66290,100,9:05:58,5000,65305,66299,1000
200,1397/7/23 9:06:05,149,66124,767,66050,66199,7225,9:05:58,200,66000,66200,4740,9:05:58,10000,66000,66264,2000,9:05:58,1645,65500,66290,100,9:05:58,5000,65305,66299,1000
201,1397/7/23 9:06:07,149,66124,767,66050,66199,7190,9:05:58,200,66000,66200,4740,9:05:58,10000,66000,66264,2000,9:05:58,1645,65500,66290,100,9:05:58,5000,65305,66299,1000
202,1397/7/23 9:06:10,149,66124,767,66050,66199,8818,9:05:58,200,66000,66200,4740,9:05:58,10000,66000,66264,2000,9:05:58,1645,65500,66290,100,9:05:58,5000,65305,66299,1000
203,1397/7/23 9:06:15,149,66124,467,66050,66199,5818,9:05:58,200,66000,66200,4740,9:06:15,10000,66000,66264,3047,9:06:15,3045,65500,66290,100,9:05:58,5000,65305,66299,1000
204,1397/7/23 9:06:22,50,66025,200,66000,66050,1096,9:06:22,10000,65700,66199,5818,9:06:22,3045,65700,66200,4740,9:06:22,5000,65305,66264,3047,9:06:22,400,65000,66290,100
205,1397/7/23 9:06:24,50,66025,200,66000,66050,1863,9:06:22,10000,65700,66199,5818,9:06:22,3045,65700,66200,4740,9:06:22,5000,65305,66264,3047,9:06:22,400,65000,66290,100
206,1397/7/23 9:06:29,50,66025,200,66000,66050,1043,9:06:22,10000,65700,66199,5818,9:06:22,3045,65700,66200,4740,9:06:22,5000,65305,66264,3047,9:06:22,400,65000,66290,100
207,1397/7/23 9:06:34,50,66025,150,66000,66050,1043,9:06:22,10000,65700,66199,5818,9:06:22,3045,65700,66200,4740,9:06:22,5000,65305,66264,3047,9:06:22,400,65000,66290,100
208,1397/7/23 9:06:36,50,66025,147,66000,66050,1043,9:06:22,10000,65700,66199,5818,9:06:22,3045,65700,66200,4740,9:06:22,5000,65305,66264,3047,9:06:22,400,65000,66290,100
209,1397/7/23 9:06:36,50,66025,147,66000,66050,1043,9:06:22,10000,65700,66199,5818,9:06:22,3045,65700,66200,4740,9:06:22,5000,65305,66264,3047,9:06:39,88,65301,66290,100
210,1397/7/23 9:06:43,50,66025,118,66000,66050,1043,9:06:22,10000,65700,66199,5818,9:06:22,3045,65700,66200,4740,9:06:22,5000,65305,66264,3047,9:06:39,88,65301,66290,100
211,1397/7/23 9:06:43,50,66025,118,66000,66050,1043,9:06:49,11400,65700,66195,4740,9:06:49,1645,65700,66199,5818,9:06:22,5000,65305,66264,3047,9:06:39,88,65301,66290,100
212,1397/7/23 9:06:53,50,66025,118,66000,66050,123,9:06:49,11400,65700,66195,4740,9:06:49,1645,65700,66199,5818,9:06:22,5000,65305,66264,3047,9:06:39,88,65301,66290,100
213,1397/7/23 9:06:58,195,66097,118,66000,66195,2363,9:06:58,11400,65700,66199,5818,9:06:58,1645,65700,66264,3047,9:06:58,5000,65305,66290,100,9:06:58,88,65301,66299,1000
214,1397/7/23 9:07:03,145,66122,1000,66050,66195,2363,9:07:03,118,66000,66199,5818,9:07:03,11400,66000,66264,3047,9:07:03,1645,65500,66290,100,9:07:03,5000,65305,66299,1000
215,1397/7/23 9:07:03,145,66122,1000,66050,66195,2363,9:07:03,118,66000,66199,5818,9:07:03,11400,66000,66264,3047,9:07:03,1645,65500,66290,100,9:07:07,5076,65305,66299,1000
216,1397/7/23 9:07:13,145,66122,1000,66050,66195,2463,9:07:03,118,66000,66199,5818,9:07:03,11400,66000,66264,3047,9:07:03,1645,65500,66290,100,9:07:07,5076,65305,66299,1000
217,1397/7/23 9:07:14,144,66122,1000,66050,66194,1628,9:07:14,118,66000,66195,2463,9:07:14,11400,66000,66199,4190,9:07:14,1645,65500,66264,3047,9:07:14,5076,65305,66290,100
218,1397/7/23 9:07:22,194,66097,118,66000,66194,628,9:07:22,11400,65700,66195,2463,9:07:22,1645,65700,66199,4190,9:07:22,5076,65305,66264,3047,9:07:22,88,65301,66290,100
219,1397/7/23 9:07:23,194,66097,118,66000,66194,728,9:07:23,11400,65700,66195,2363,9:07:22,1645,65700,66199,4190,9:07:22,5076,65305,66264,3047,9:07:22,88,65301,66290,100
220,1397/7/23 9:07:25,194,66097,1518,66000,66194,728,9:07:25,10000,65700,66195,2363,9:07:22,1645,65700,66199,4190,9:07:22,5076,65305,66264,3047,9:07:22,88,65301,66290,100
221,1397/7/23 9:07:31,195,66097,1518,66000,66195,2091,9:07:31,10000,65700,66199,4190,9:07:31,645,65700,66264,3047,9:07:31,5076,65305,66290,100,9:07:31,88,65301,66299,1000
222,1397/7/23 9:07:31,195,66097,1518,66000,66195,2091,9:07:32,10000,65700,66199,4830,9:07:31,645,65700,66264,3047,9:07:31,5076,65305,66290,100,9:07:31,88,65301,66299,1000
223,1397/7/23 9:07:43,195,66097,118,66000,66195,2091,9:07:43,1400,65800,66199,4830,9:07:43,10000,65800,66264,3047,9:07:43,645,65500,66290,100,9:07:43,5076,65305,66299,1000
224,1397/7/23 9:07:47,195,66097,157,66000,66195,2091,9:07:43,1400,65800,66199,4830,9:07:43,10000,65800,66264,3047,9:07:47,606,65500,66290,100,9:07:43,5076,65305,66299,1000
225,1397/7/23 9:07:48,195,66097,307,66000,66195,2091,9:07:43,1400,65800,66199,4830,9:07:43,10000,65800,66264,3047,9:07:47,606,65500,66290,100,9:07:43,5076,65305,66299,1000
226,1397/7/23 9:07:49,100,66050,307,66000,66100,800,9:07:49,1400,65800,66195,2091,9:07:49,10000,65800,66199,4830,9:07:49,606,65500,66264,3047,9:07:49,5076,65305,66290,100
227,1397/7/23 9:07:49,100,66050,307,66000,66100,800,9:07:52,1400,65800,66194,527,9:07:52,10000,65800,66195,2091,9:07:52,606,65500,66199,4830,9:07:52,5076,65305,66264,3047
228,1397/7/23 9:07:49,100,66050,307,66000,66100,800,9:07:52,1400,65800,66194,527,9:07:52,10000,65800,66195,2091,9:07:53,606,65500,66199,4880,9:07:52,5076,65305,66264,3047
229,1397/7/23 9:07:49,100,66050,307,66000,66100,800,9:07:52,1400,65800,66194,527,9:07:52,10000,65800,66195,2091,9:07:53,606,65500,66199,4880,9:07:56,5076,65305,66200,200
230,1397/7/23 9:07:49,100,66050,307,66000,66100,800,9:08:00,11400,65700,66194,527,9:08:00,606,65700,66195,2091,9:08:00,5076,65305,66199,4880,9:08:00,88,65301,66200,200
231,1397/7/23 9:08:10,100,66050,307,66000,66100,850,9:08:00,11400,65700,66194,527,9:08:00,606,65700,66195,2091,9:08:10,5076,65305,66199,4830,9:08:00,88,65301,66200,200
232,1397/7/23 9:08:11,100,66050,352,66000,66100,850,9:08:00,11400,65700,66194,527,9:08:00,606,65700,66195,2091,9:08:10,5076,65305,66199,4830,9:08:00,88,65301,66200,200
233,1397/7/23 9:08:14,100,66050,3728,66000,66100,50,9:08:00,11400,65700,66194,527,9:08:00,606,65700,66195,2091,9:08:10,5076,65305,66199,4830,9:08:00,88,65301,66200,200
234,1397/7/23 9:08:14,100,66050,3728,66000,66100,50,9:08:00,11400,65700,66194,527,9:08:00,606,65700,66195,2091,9:08:17,5076,65305,66197,2000,9:08:17,88,65301,66199,4830
235,1397/7/23 9:08:18,94,66147,250,66100,66194,527,9:08:18,3728,66000,66195,2091,9:08:18,11400,66000,66197,2000,9:08:18,606,65500,66199,4830,9:08:18,5076,65305,66200,200
236,1397/7/23 9:08:18,94,66147,250,66100,66194,527,9:08:18,3728,66000,66195,2091,9:08:20,5000,66000,66197,2000,9:08:20,11400,65700,66199,4830,9:08:20,606,65500,66200,200
237,1397/7/23 9:08:25,195,66097,3901,66000,66195,2091,9:08:25,5000,65900,66197,2000,9:08:25,11476,65900,66199,4830,9:08:25,606,65500,66200,200,9:08:25,5000,65305,66264,1047
238,1397/7/23 9:08:25,195,66097,3901,66000,66195,2091,9:08:25,5000,65900,66197,2000,9:08:25,11476,65900,66199,4830,9:08:27,606,65500,66200,810,9:08:25,5000,65305,66264,1047
239,1397/7/23 9:08:28,195,66097,3901,66000,66195,1991,9:08:25,5000,65900,66197,2000,9:08:28,1400,65900,66199,4830,9:08:28,10076,65700,66200,810,9:08:28,606,65500,66264,1047
240,1397/7/23 9:08:35,195,66097,3901,66000,66195,3991,9:08:35,5000,65900,66199,4830,9:08:35,1400,65900,66200,810,9:08:35,10076,65700,66264,1047,9:08:35,606,65500,66290,100
241,1397/7/23 9:08:38,195,66097,901,66000,66195,1131,9:08:38,5000,65900,66264,1047,9:08:38,1400,65900,66290,100,9:08:38,10076,65700,66299,1000,9:08:38,606,65500,66300,3887
242,1397/7/23 9:08:47,195,66097,2301,66000,66195,1131,9:08:38,5000,65900,66264,1047,9:08:47,10076,65900,66290,100,9:08:47,606,65500,66299,1000,9:08:47,5000,65305,66300,3887
243,1397/7/23 9:08:53,195,66097,6819,66000,66195,1131,9:08:38,5000,65900,66264,1047,9:08:47,10076,65900,66290,100,9:08:47,606,65500,66299,1000,9:08:47,5000,65305,66300,3887
244,1397/7/23 9:08:56,195,66097,6819,66000,66195,11131,9:08:38,5000,65900,66264,1047,9:08:47,10076,65900,66290,100,9:08:47,606,65500,66299,1000,9:08:47,5000,65305,66300,3887
245,1397/7/23 9:08:58,190,66095,6819,66000,66190,5000,9:08:58,5000,65900,66195,11131,9:08:58,10076,65900,66264,1047,9:08:58,606,65500,66290,100,9:08:58,5000,65305,66299,1000
246,1397/7/23 9:09:01,195,66097,6819,66000,66195,6131,9:09:01,5000,65900,66264,1047,9:09:01,10076,65900,66290,100,9:09:01,606,65500,66299,1000,9:09:01,5000,65305,66300,3887
247,1397/7/23 9:09:10,195,66097,7061,66000,66195,6131,9:09:01,5000,65900,66264,1047,9:09:01,10076,65900,66290,100,9:09:01,606,65500,66299,1000,9:09:01,5000,65305,66300,3887
248,1397/7/23 9:09:14,195,66097,7111,66000,66195,6131,9:09:01,5000,65900,66264,1047,9:09:01,10076,65900,66290,100,9:09:01,606,65500,66299,1000,9:09:01,5000,65305,66300,3887
249,1397/7/23 9:09:15,499,66249,7111,66000,66499,3778,9:09:15,5000,65900,66500,19746,9:09:15,10076,65900,66502,500,9:09:15,606,65500,66506,106,9:09:15,5000,65305,66580,10000
250,1397/7/23 9:09:18,680,66340,7111,66000,66680,8801,9:09:18,5000,65900,66690,900,9:09:18,10076,65900,66698,10000,9:09:18,606,65500,66699,18,9:09:18,5000,65305,66700,19927
251,1397/7/23 9:09:23,680,66340,7267,66000,66680,8801,9:09:18,5000,65900,66690,900,9:09:18,10076,65900,66698,10000,9:09:18,606,65500,66699,18,9:09:18,5000,65305,66700,19927
252,1397/7/23 9:09:29,680,66340,7267,66000,66680,7801,9:09:18,5000,65900,66690,900,9:09:18,10076,65900,66698,10000,9:09:18,606,65500,66699,18,9:09:18,5000,65305,66700,19927
253,1397/7/23 9:09:33,704,66352,7267,66000,66704,14437,9:09:33,5000,65900,69720,70,9:09:33,10076,65900,0,0,9:09:33,606,65500,0,0,9:09:33,5000,65305,0,0
254,1397/7/23 9:09:35,20,66690,2000,66680,66700,32,9:09:35,7267,66000,66704,14437,9:09:35,5000,66000,69720,70,9:09:35,10076,65700,0,0,9:09:35,606,65500,0,0
255,1397/7/23 9:09:45,24,66692,2000,66680,66704,11969,9:09:45,7267,66000,69720,70,9:09:45,5000,66000,0,0,9:09:35,10076,65700,0,0,9:09:35,606,65500,0,0
256,1397/7/23 9:09:47,4,66702,45,66700,66704,11969,9:09:47,2000,66680,69720,70,9:09:47,7222,66680,0,0,9:09:47,5000,65900,0,0,9:09:47,10076,65700,0,0
257,1397/7/23 9:09:48,4,66702,45,66700,66704,11979,9:09:47,2000,66680,69720,70,9:09:47,7222,66680,0,0,9:09:47,5000,65900,0,0,9:09:47,10076,65700,0,0
258,1397/7/23 9:09:49,24,66692,1225,66680,66704,11979,9:09:49,7222,66000,69720,70,9:09:49,5000,66000,0,0,9:09:49,10076,65700,0,0,9:09:49,606,65500,0,0
259,1397/7/23 9:09:50,3016,68212,88021,66704,69720,70,9:09:50,1225,66680,0,0,9:09:50,7222,66680,0,0,9:09:50,5000,65900,0,0,9:09:50,10076,65700,0,0
260,1397/7/23 9:09:51,3016,68212,98021,66704,69720,70,9:09:50,1225,66680,0,0,9:09:50,7222,66680,0,0,9:09:50,5000,65900,0,0,9:09:51,76,65700,0,0
261,1397/7/23 9:09:53,3016,68212,99971,66704,69720,70,9:09:50,1225,66680,0,0,9:09:50,7222,66680,0,0,9:09:50,5000,65900,0,0,9:09:51,76,65700,0,0
262,1397/7/23 9:09:55,3016,68212,100120,66704,69720,70,9:09:50,1225,66680,0,0,9:09:50,7222,66680,0,0,9:09:50,5000,65900,0,0,9:09:51,76,65700,0,0
263,1397/7/23 9:09:56,3016,68212,100220,66704,69720,70,9:09:50,1225,66680,0,0,9:09:50,7222,66680,0,0,9:09:50,5000,65900,0,0,9:09:51,76,65700,0,0
264,1397/7/23 9:09:57,3016,68212,100020,66704,69720,70,9:09:50,1225,66680,0,0,9:09:57,7298,66680,0,0,9:09:50,5000,65900,0,0,9:09:57,506,65500,0,0
265,1397/7/23 9:10:08,3016,68212,91020,66704,69720,70,9:09:50,1225,66680,0,0,9:09:57,7298,66680,0,0,9:09:50,5000,65900,0,0,9:09:57,506,65500,0,0
266,1397/7/23 9:10:11,3016,68212,119906,66704,69720,70,9:09:50,1225,66680,0,0,9:10:11,376,66680,0,0,9:10:11,6922,66000,0,0,9:10:11,5000,65900,0,0
267,1397/7/23 9:10:11,3016,68212,119906,66704,69720,70,9:09:50,1225,66680,0,0,9:10:11,376,66680,0,0,9:10:12,6872,66000,0,0,9:10:11,5000,65900,0,0
268,1397/7/23 9:10:13,3016,68212,117906,66704,69720,70,9:09:50,1225,66680,0,0,9:10:11,376,66680,0,0,9:10:12,6872,66000,0,0,9:10:11,5000,65900,0,0
269,1397/7/23 9:10:17,3016,68212,127906,66704,69720,70,9:09:50,1225,66680,0,0,9:10:11,376,66680,0,0,9:10:12,6872,66000,0,0,9:10:11,5000,65900,0,0
270,1397/7/23 9:10:18,3016,68212,127935,66704,69720,70,9:09:50,1225,66680,0,0,9:10:11,376,66680,0,0,9:10:12,6872,66000,0,0,9:10:11,5000,65900,0,0
271,1397/7/23 9:10:21,3016,68212,137935,66704,69720,70,9:09:50,1225,66680,0,0,9:10:11,376,66680,0,0,9:10:12,6872,66000,0,0,9:10:11,5000,65900,0,0
272,1397/7/23 9:10:24,3016,68212,138009,66704,69720,70,9:09:50,1225,66680,0,0,9:10:11,376,66680,0,0,9:10:12,6872,66000,0,0,9:10:11,5000,65900,0,0
273,1397/7/23 9:10:24,3016,68212,138009,66704,69720,70,9:09:50,1225,66680,0,0,9:10:11,376,66680,0,0,9:10:26,1000,66050,0,0,9:10:26,6872,66000,0,0
274,1397/7/23 9:10:27,3016,68212,148009,66704,69720,70,9:09:50,1225,66680,0,0,9:10:11,376,66680,0,0,9:10:26,1000,66050,0,0,9:10:26,6872,66000,0,0
275,1397/7/23 9:10:29,3016,68212,198009,66704,69720,70,9:09:50,1225,66680,0,0,9:10:11,376,66680,0,0,9:10:26,1000,66050,0,0,9:10:26,6872,66000,0,0
276,1397/7/23 9:10:30,3016,68212,202459,66704,69720,70,9:09:50,1225,66680,0,0,9:10:11,376,66680,0,0,9:10:26,1000,66050,0,0,9:10:30,2354,66000,0,0
277,1397/7/23 9:10:31,3016,68212,203949,66704,69720,70,9:09:50,1225,66680,0,0,9:10:11,376,66680,0,0,9:10:26,1000,66050,0,0,9:10:30,2354,66000,0,0
278,1397/7/23 9:10:35,3016,68212,233949,66704,69720,70,9:09:50,1225,66680,0,0,9:10:11,376,66680,0,0,9:10:26,1000,66050,0,0,9:10:30,2354,66000,0,0
279,1397/7/23 9:10:36,3016,68212,213949,66704,69720,70,9:09:50,1225,66680,0,0,9:10:11,376,66680,0,0,9:10:26,1000,66050,0,0,9:10:30,2354,66000,0,0
280,1397/7/23 9:10:38,3016,68212,215949,66704,69720,70,9:09:50,1225,66680,0,0,9:10:11,376,66680,0,0,9:10:26,1000,66050,0,0,9:10:30,2354,66000,0,0
281,1397/7/23 9:10:40,3016,68212,245949,66704,69720,70,9:09:50,1225,66680,0,0,9:10:11,376,66680,0,0,9:10:26,1000,66050,0,0,9:10:30,2354,66000,0,0
282,1397/7/23 9:10:41,3016,68212,246199,66704,69720,70,9:09:50,1225,66680,0,0,9:10:11,376,66680,0,0,9:10:26,1000,66050,0,0,9:10:30,2354,66000,0,0
283,1397/7/23 9:10:42,3016,68212,249199,66704,69720,70,9:09:50,1225,66680,0,0,9:10:11,376,66680,0,0,9:10:26,1000,66050,0,0,9:10:30,2354,66000,0,0
284,1397/7/23 9:10:45,3016,68212,250604,66704,69720,70,9:10:45,376,66199,0,0,9:10:45,1000,66199,0,0,9:10:45,2354,66000,0,0,9:10:45,5000,65900,0,0
285,1397/7/23 9:10:49,3016,68212,251051,66704,69720,70,9:10:45,376,66199,0,0,9:10:45,1000,66199,0,0,9:10:45,2354,66000,0,0,9:10:45,5000,65900,0,0
286,1397/7/23 9:10:53,3016,68212,252095,66704,69720,70,9:10:45,376,66199,0,0,9:10:45,1000,66199,0,0,9:10:45,2354,66000,0,0,9:10:45,5000,65900,0,0
287,1397/7/23 9:10:54,3016,68212,282095,66704,69720,70,9:10:45,376,66199,0,0,9:10:45,1000,66199,0,0,9:10:45,2354,66000,0,0,9:10:45,5000,65900,0,0
288,1397/7/23 9:10:54,3016,68212,282095,66704,69720,70,9:10:45,376,66199,0,0,9:10:55,3354,66199,0,0,9:10:55,5000,65900,0,0,9:10:55,506,65500,0,0
289,1397/7/23 9:10:57,3016,68212,282049,66704,69720,70,9:10:45,376,66199,0,0,9:10:55,3354,66199,0,0,9:10:55,5000,65900,0,0,9:10:55,506,65500,0,0
290,1397/7/23 9:10:59,3016,68212,283000,66704,69720,70,9:10:59,3354,66000,0,0,9:10:59,5000,66000,0,0,9:10:59,506,65500,0,0,9:10:59,5000,65305,0,0
291,1397/7/23 9:11:02,3016,68212,293000,66704,69720,70,9:10:59,3354,66000,0,0,9:10:59,5000,66000,0,0,9:10:59,506,65500,0,0,9:10:59,5000,65305,0,0
292,1397/7/23 9:11:06,3016,68212,292650,66704,69720,70,9:10:59,3354,66000,0,0,9:10:59,5000,66000,0,0,9:10:59,506,65500,0,0,9:10:59,5000,65305,0,0
293,1397/7/23 9:11:07,3016,68212,295650,66704,69720,70,9:10:59,3354,66000,0,0,9:10:59,5000,66000,0,0,9:10:59,506,65500,0,0,9:10:59,5000,65305,0,0
294,1397/7/23 9:11:07,3016,68212,295650,66704,69720,70,9:11:14,1400,66100,0,0,9:11:14,1954,66100,0,0,9:11:14,5000,65900,0,0,9:11:14,506,65500,0,0
295,1397/7/23 9:11:07,3016,68212,295650,66704,69720,70,9:11:22,1468,66100,0,0,9:11:14,1954,66100,0,0,9:11:14,5000,65900,0,0,9:11:14,506,65500,0,0
296,1397/7/23 9:11:26,3016,68212,296100,66704,69720,70,9:11:22,1468,66100,0,0,9:11:14,1954,66100,0,0,9:11:14,5000,65900,0,0,9:11:14,506,65500,0,0
297,1397/7/23 9:11:34,3016,68212,312790,66704,69720,70,9:11:22,1468,66100,0,0,9:11:14,1954,66100,0,0,9:11:14,5000,65900,0,0,9:11:14,506,65500,0,0
298,1397/7/23 9:11:34,3016,68212,312790,66704,69720,70,9:11:46,150,66680,0,0,9:11:46,1468,66680,0,0,9:11:46,1954,66000,0,0,9:11:46,5000,65900,0,0
299,1397/7/23 9:11:34,3016,68212,312790,66704,69720,70,9:11:46,150,66680,0,0,9:11:47,1573,66680,0,0,9:11:47,1878,66000,0,0,9:11:46,5000,65900,0,0
300,1397/7/23 9:11:48,3016,68212,313240,66704,69720,70,9:11:46,150,66680,0,0,9:11:47,1573,66680,0,0,9:11:48,1428,66000,0,0,9:11:46,5000,65900,0,0
301,1397/7/23 9:12:01,3016,68212,312840,66704,69720,70,9:11:46,150,66680,0,0,9:11:47,1573,66680,0,0,9:11:48,1428,66000,0,0,9:11:46,5000,65900,0,0
302,1397/7/23 9:12:03,3016,68212,312682,66704,69720,70,9:11:46,150,66680,0,0,9:11:47,1573,66680,0,0,9:11:48,1428,66000,0,0,9:11:46,5000,65900,0,0
303,1397/7/23 9:12:19,3016,68212,312676,66704,69720,70,9:11:46,150,66680,0,0,9:11:47,1573,66680,0,0,9:11:48,1428,66000,0,0,9:11:46,5000,65900,0,0
304,1397/7/23 9:12:21,3016,68212,310676,66704,69720,70,9:11:46,150,66680,0,0,9:11:47,1573,66680,0,0,9:11:48,1428,66000,0,0,9:11:46,5000,65900,0,0
305,1397/7/23 9:12:30,3016,68212,309832,66704,69720,70,9:11:46,150,66680,0,0,9:12:30,1400,66680,0,0,9:12:30,173,66100,0,0,9:12:30,1428,66000,0,0
306,1397/7/23 9:12:34,3016,68212,309732,66704,69720,70,9:11:46,150,66680,0,0,9:12:30,1400,66680,0,0,9:12:30,173,66100,0,0,9:12:30,1428,66000,0,0
307,1397/7/23 9:12:50,3016,68212,314532,66704,69720,70,9:11:46,150,66680,0,0,9:12:30,1400,66680,0,0,9:12:30,173,66100,0,0,9:12:30,1428,66000,0,0
308,1397/7/23 9:12:52,3016,68212,314332,66704,69720,70,9:11:46,150,66680,0,0,9:12:30,1400,66680,0,0,9:12:30,173,66100,0,0,9:12:30,1428,66000,0,0
309,1397/7/23 9:12:52,3016,68212,314332,66704,69720,70,9:13:02,255,66680,0,0,9:12:30,1400,66680,0,0,9:13:02,68,66100,0,0,9:12:30,1428,66000,0,0
310,1397/7/23 9:13:10,3016,68212,314402,66704,69720,70,9:13:02,255,66680,0,0,9:12:30,1400,66680,0,0,9:13:02,68,66100,0,0,9:12:30,1428,66000,0,0
311,1397/7/23 9:13:12,3016,68212,314852,66704,69720,70,9:13:02,255,66680,0,0,9:12:30,1400,66680,0,0,9:13:02,68,66100,0,0,9:12:30,1428,66000,0,0
312,1397/7/23 9:13:13,3016,68212,314837,66704,69720,70,9:13:02,255,66680,0,0,9:12:30,1400,66680,0,0,9:13:02,68,66100,0,0,9:12:30,1428,66000,0,0
313,1397/7/23 9:13:18,3016,68212,314786,66704,69720,70,9:13:02,255,66680,0,0,9:13:18,68,66680,0,0,9:13:18,2828,66000,0,0,9:13:18,5000,65900,0,0
314,1397/7/23 9:13:20,3016,68212,315286,66704,69720,70,9:13:02,255,66680,0,0,9:13:18,68,66680,0,0,9:13:18,2828,66000,0,0,9:13:18,5000,65900,0,0
315,1397/7/23 9:13:31,3016,68212,315309,66704,69720,70,9:13:02,255,66680,0,0,9:13:18,68,66680,0,0,9:13:18,2828,66000,0,0,9:13:18,5000,65900,0,0
316,1397/7/23 9:13:32,3016,68212,325309,66704,69720,70,9:13:02,255,66680,0,0,9:13:18,68,66680,0,0,9:13:18,2828,66000,0,0,9:13:18,5000,65900,0,0
317,1397/7/23 9:13:33,3016,68212,325414,66704,69720,70,9:13:33,150,66680,0,0,9:13:18,68,66680,0,0,9:13:18,2828,66000,0,0,9:13:18,5000,65900,0,0
318,1397/7/23 9:13:35,3016,68212,325714,66704,69720,70,9:13:33,150,66680,0,0,9:13:18,68,66680,0,0,9:13:18,2828,66000,0,0,9:13:18,5000,65900,0,0
319,1397/7/23 9:13:48,3016,68212,330714,66704,69720,70,9:13:33,150,66680,0,0,9:13:18,68,66680,0,0,9:13:18,2828,66000,0,0,9:13:18,5000,65900,0,0
320,1397/7/23 9:13:51,3016,68212,330764,66704,69720,70,9:13:33,150,66680,0,0,9:13:18,68,66680,0,0,9:13:18,2828,66000,0,0,9:13:18,5000,65900,0,0
321,1397/7/23 9:13:51,3016,68212,330764,66704,69720,70,9:13:33,150,66680,0,0,9:13:18,68,66680,0,0,9:13:58,3235,66000,0,0,9:13:18,5000,65900,0,0
322,1397/7/23 9:14:05,3016,68212,332764,66704,69720,70,9:13:33,150,66680,0,0,9:13:18,68,66680,0,0,9:13:58,3235,66000,0,0,9:13:18,5000,65900,0,0
323,1397/7/23 9:14:13,3016,68212,333664,66704,69720,70,9:13:33,150,66680,0,0,9:13:18,68,66680,0,0,9:13:58,3235,66000,0,0,9:13:18,5000,65900,0,0
324,1397/7/23 9:14:19,3016,68212,334664,66704,69720,70,9:13:33,150,66680,0,0,9:13:18,68,66680,0,0,9:13:58,3235,66000,0,0,9:13:18,5000,65900,0,0
325,1397/7/23 9:14:25,3016,68212,334738,66704,69720,70,9:13:33,150,66680,0,0,9:13:18,68,66680,0,0,9:13:58,3235,66000,0,0,9:13:18,5000,65900,0,0
326,1397/7/23 9:14:37,3016,68212,234738,66704,69720,70,9:13:33,150,66680,0,0,9:13:18,68,66680,0,0,9:13:58,3235,66000,0,0,9:13:18,5000,65900,0,0
327,1397/7/23 9:14:39,3016,68212,134738,66704,69720,70,9:13:33,150,66680,0,0,9:13:18,68,66680,0,0,9:13:58,3235,66000,0,0,9:13:18,5000,65900,0,0
328,1397/7/23 9:14:41,3016,68212,34738,66704,69720,70,9:13:33,150,66680,0,0,9:13:18,68,66680,0,0,9:13:58,3235,66000,0,0,9:13:18,5000,65900,0,0
329,1397/7/23 9:14:42,3016,68212,36938,66704,69720,70,9:13:33,150,66680,0,0,9:13:18,68,66680,0,0,9:13:58,3235,66000,0,0,9:13:18,5000,65900,0,0
330,1397/7/23 9:14:51,3016,68212,86938,66704,69720,70,9:13:33,150,66680,0,0,9:13:18,68,66680,0,0,9:13:58,3235,66000,0,0,9:13:18,5000,65900,0,0
331,1397/7/23 9:14:54,3016,68212,88428,66704,69720,70,9:13:33,150,66680,0,0,9:13:18,68,66680,0,0,9:13:58,3235,66000,0,0,9:13:18,5000,65900,0,0
332,1397/7/23 9:15:01,3016,68212,68428,66704,69720,70,9:13:33,150,66680,0,0,9:13:18,68,66680,0,0,9:13:58,3235,66000,0,0,9:13:18,5000,65900,0,0
333,1397/7/23 9:15:03,3016,68212,52428,66704,69720,70,9:13:33,150,66680,0,0,9:13:18,68,66680,0,0,9:13:58,3235,66000,0,0,9:13:18,5000,65900,0,0
334,1397/7/23 9:15:08,3016,68212,53228,66704,69720,70,9:13:33,150,66680,0,0,9:13:18,68,66680,0,0,9:13:58,3235,66000,0,0,9:13:18,5000,65900,0,0
335,1397/7/23 9:15:10,3016,68212,103228,66704,69720,70,9:13:33,150,66680,0,0,9:13:18,68,66680,0,0,9:13:58,3235,66000,0,0,9:13:18,5000,65900,0,0
336,1397/7/23 9:15:19,3016,68212,105475,66704,69720,70,9:13:33,150,66680,0,0,9:13:18,68,66680,0,0,9:13:58,3235,66000,0,0,9:13:18,5000,65900,0,0
337,1397/7/23 9:15:21,3016,68212,104332,66704,69720,70,9:13:33,150,66680,0,0,9:13:18,68,66680,0,0,9:13:58,3235,66000,0,0,9:13:18,5000,65900,0,0
338,1397/7/23 9:15:22,3016,68212,104420,66704,69720,70,9:13:33,150,66680,0,0,9:13:18,68,66680,0,0,9:13:58,3235,66000,0,0,9:13:18,5000,65900,0,0
339,1397/7/23 9:15:24,3016,68212,104220,66704,69720,70,9:13:33,150,66680,0,0,9:13:18,68,66680,0,0,9:13:58,3235,66000,0,0,9:13:18,5000,65900,0,0
340,1397/7/23 9:15:24,3016,68212,104220,66704,69720,70,9:13:33,150,66680,0,0,9:15:28,79,66680,0,0,9:15:28,68,66100,0,0,9:15:28,3235,66000,0,0
341,1397/7/23 9:15:33,3016,68212,100238,66704,69720,70,9:13:33,150,66680,0,0,9:15:28,79,66680,0,0,9:15:28,68,66100,0,0,9:15:28,3235,66000,0,0
342,1397/7/23 9:15:43,3016,68212,46088,66704,69720,70,9:13:33,150,66680,0,0,9:15:28,79,66680,0,0,9:15:28,68,66100,0,0,9:15:28,3235,66000,0,0
343,1397/7/23 9:15:43,3016,68212,46088,66704,69720,70,9:13:33,150,66680,0,0,9:15:28,79,66680,0,0,9:15:28,68,66100,0,0,9:15:44,2993,66000,0,0
344,1397/7/23 9:15:49,3016,68212,46167,66704,69720,70,9:13:33,150,66680,0,0,9:15:49,68,66680,0,0,9:15:49,2993,66000,0,0,9:15:49,5000,65900,0,0
345,1397/7/23 9:15:51,3016,68212,50195,66704,69720,70,9:13:33,150,66680,0,0,9:15:49,68,66680,0,0,9:15:49,2993,66000,0,0,9:15:49,5000,65900,0,0
346,1397/7/23 9:15:53,3016,68212,49995,66704,69720,70,9:13:33,150,66680,0,0,9:15:49,68,66680,0,0,9:15:49,2993,66000,0,0,9:15:49,5000,65900,0,0
347,1397/7/23 9:15:58,3016,68212,46995,66704,69720,70,9:13:33,150,66680,0,0,9:15:49,68,66680,0,0,9:15:49,2993,66000,0,0,9:15:49,5000,65900,0,0
348,1397/7/23 9:15:59,3016,68212,47495,66704,69720,70,9:13:33,150,66680,0,0,9:15:49,68,66680,0,0,9:15:49,2993,66000,0,0,9:15:49,5000,65900,0,0
349,1397/7/23 9:16:06,3016,68212,47477,66704,69720,70,9:13:33,150,66680,0,0,9:15:49,68,66680,0,0,9:15:49,2993,66000,0,0,9:15:49,5000,65900,0,0
350,1397/7/23 9:16:09,24,66692,150,66680,66704,2523,9:16:09,68,66100,69720,70,9:16:09,2993,66100,0,0,9:16:09,5000,65900,0,0,9:16:09,769,65500,0,0
351,1397/7/23 9:16:14,24,66692,150,66680,66704,1173,9:16:09,68,66100,69720,70,9:16:14,1593,66100,0,0,9:16:09,5000,65900,0,0,9:16:09,769,65500,0,0
352,1397/7/23 9:16:28,24,66692,150,66680,66704,173,9:16:09,68,66100,69720,70,9:16:14,1593,66100,0,0,9:16:09,5000,65900,0,0,9:16:09,769,65500,0,0
353,1397/7/23 9:16:29,34,66687,150,66670,66704,173,9:16:09,68,66100,69720,70,9:16:14,1593,66100,0,0,9:16:09,5000,65900,0,0,9:16:09,769,65500,0,0
354,1397/7/23 9:16:30,34,66687,150,66670,66704,673,9:16:09,68,66100,69720,70,9:16:14,1593,66100,0,0,9:16:09,5000,65900,0,0,9:16:09,769,65500,0,0
355,1397/7/23 9:16:31,3016,68212,73,66704,69720,70,9:16:31,150,66670,0,0,9:16:31,68,66670,0,0,9:16:31,1593,66000,0,0,9:16:31,5000,65900,0,0
356,1397/7/23 9:16:32,10,66675,150,66670,66680,77,9:16:32,68,66100,69720,70,9:16:32,1593,66100,0,0,9:16:32,5000,65900,0,0,9:16:32,769,65500,0,0
357,1397/7/23 9:16:32,10,66675,150,66670,66680,77,9:16:36,68,66100,66704,2000,9:16:36,1593,66100,69720,70,9:16:32,5000,65900,0,0,9:16:32,769,65500,0,0
358,1397/7/23 9:16:41,34,66687,150,66670,66704,2000,9:16:41,68,66100,69720,70,9:16:41,1593,66100,0,0,9:16:32,5000,65900,0,0,9:16:32,769,65500,0,0
359,1397/7/23 9:16:42,34,66687,150,66670,66704,3388,9:16:41,68,66100,69720,70,9:16:41,1593,66100,0,0,9:16:32,5000,65900,0,0,9:16:32,769,65500,0,0
360,1397/7/23 9:16:48,34,66687,150,66670,66704,388,9:16:41,68,66100,69720,70,9:16:41,1593,66100,0,0,9:16:32,5000,65900,0,0,9:16:32,769,65500,0,0
361,1397/7/23 9:16:49,34,66687,150,66670,66704,50388,9:16:41,68,66100,69720,70,9:16:41,1593,66100,0,0,9:16:32,5000,65900,0,0,9:16:32,769,65500,0,0
362,1397/7/23 9:16:59,34,66687,150,66670,66704,40388,9:16:41,68,66100,69720,70,9:16:41,1593,66100,0,0,9:16:32,5000,65900,0,0,9:16:32,769,65500,0,0
363,1397/7/23 9:16:59,34,66687,150,66670,66704,40388,9:16:41,68,66100,69720,70,9:17:04,1652,66100,0,0,9:16:32,5000,65900,0,0,9:16:32,769,65500,0,0
364,1397/7/23 9:17:05,34,66687,299,66670,66704,40388,9:16:41,68,66100,69720,70,9:17:04,1652,66100,0,0,9:16:32,5000,65900,0,0,9:16:32,769,65500,0,0
365,1397/7/23 9:17:10,33,66686,299,66670,66703,1000,9:17:10,68,66100,66704,40388,9:17:10,1652,66100,69720,70,9:16:32,5000,65900,0,0,9:16:32,769,65500,0,0
366,1397/7/23 9:17:11,3,66701,150,66700,66703,1000,9:17:11,149,66670,66704,40388,9:17:11,68,66670,69720,70,9:17:11,1652,66000,0,0,9:17:11,5000,65900,0,0
367,1397/7/23 9:17:19,3,66701,150,66700,66703,34100,9:17:11,149,66670,66704,40388,9:17:11,68,66670,69720,70,9:17:11,1652,66000,0,0,9:17:11,5000,65900,0,0
368,1397/7/23 9:17:23,3,66701,150,66700,66703,33653,9:17:11,149,66670,66704,40388,9:17:11,68,66670,69720,70,9:17:11,1652,66000,0,0,9:17:11,5000,65900,0,0
369,1397/7/23 9:17:25,30,66685,149,66670,66700,2850,9:17:25,98,66100,66703,33653,9:17:25,1652,66100,66704,40388,9:17:25,5000,65900,69720,70,9:17:25,769,65500,0,0
370,1397/7/23 9:17:39,32,66686,149,66670,66702,2850,9:17:25,98,66100,66703,33653,9:17:25,1652,66100,66704,40388,9:17:25,5000,65900,69720,70,9:17:25,769,65500,0,0
371,1397/7/23 9:17:39,32,66686,149,66670,66702,2850,9:17:25,98,66100,66703,33653,9:17:41,1652,66100,66704,45388,9:17:25,5000,65900,69720,70,9:17:25,769,65500,0,0
372,1397/7/23 9:17:44,2,66701,20,66700,66702,2850,9:17:44,149,66670,66703,33653,9:17:44,98,66670,66704,45388,9:17:44,1652,66000,69720,70,9:17:44,5000,65900,0,0
373,1397/7/23 9:18:04,2,66701,260,66700,66702,2850,9:17:44,149,66670,66703,33653,9:17:44,98,66670,66704,45388,9:17:44,1652,66000,69720,70,9:17:44,5000,65900,0,0
374,1397/7/23 9:18:08,30,66685,149,66670,66700,32393,9:18:08,98,66100,66702,2850,9:18:08,1652,66100,66703,1000,9:18:08,5000,65900,66704,45388,9:18:08,769,65500,69720,70
375,1397/7/23 9:18:08,30,66685,149,66670,66700,32393,9:18:11,300,66608,66702,2850,9:18:11,98,66608,66703,1000,9:18:11,1652,66000,66704,45388,9:18:11,5000,65900,69720,70
376,1397/7/23 9:18:08,30,66685,149,66670,66700,32393,9:18:11,300,66608,66702,2850,9:18:11,98,66608,66703,1000,9:18:11,1652,66000,66704,45388,9:18:19,5100,65900,69720,70
377,1397/7/23 9:18:20,30,66685,149,66670,66700,30393,9:18:11,300,66608,66702,2850,9:18:11,98,66608,66703,1000,9:18:11,1652,66000,66704,45388,9:18:19,5100,65900,69720,70
378,1397/7/23 9:18:20,30,66685,149,66670,66700,30393,9:18:11,300,66608,66702,2850,9:18:11,98,66608,66703,1000,9:18:27,1652,66000,66704,54871,9:18:19,5100,65900,69720,70
379,1397/7/23 9:18:20,30,66685,149,66670,66700,30393,9:18:11,300,66608,66702,2850,9:18:29,5098,66608,66703,1000,9:18:29,1652,66000,66704,56871,9:18:19,5100,65900,69720,70
380,1397/7/23 9:18:30,29,66684,149,66670,66699,10000,9:18:30,300,66608,66700,30393,9:18:30,5098,66608,66702,2850,9:18:30,1652,66000,66703,1000,9:18:30,5100,65900,66704,56871
381,1397/7/23 9:18:31,29,66684,149,66670,66699,7016,9:18:30,300,66608,66700,30393,9:18:30,5098,66608,66702,2850,9:18:30,1652,66000,66703,1000,9:18:30,5100,65900,66704,56871
382,1397/7/23 9:18:31,29,66684,149,66670,66699,7016,9:18:30,300,66608,66700,30393,9:18:30,5098,66608,66702,2850,9:18:30,1652,66000,66703,1000,9:18:40,10100,65900,66704,56871
383,1397/7/23 9:18:31,29,66684,149,66670,66699,7016,9:18:30,300,66608,66700,30393,9:19:01,5030,66608,66702,2850,9:18:30,1652,66000,66703,1000,9:18:40,10100,65900,66704,56871
384,1397/7/23 9:18:31,29,66684,149,66670,66699,7016,9:18:30,300,66608,66700,30393,9:19:01,5030,66608,66702,2850,9:18:30,1652,66000,66703,1000,9:19:03,10100,65900,66704,56921
385,1397/7/23 9:19:08,62,66639,300,66608,66670,351,9:19:08,5030,66100,66699,7016,9:19:08,1652,66100,66700,30393,9:19:08,10100,65900,66702,2850,9:19:08,769,65500,66703,1000
386,1397/7/23 9:19:15,24,66687,649,66675,66699,7016,9:19:15,300,66608,66700,30393,9:19:15,5030,66608,66702,2850,9:19:15,1652,66000,66703,1000,9:19:15,10100,65900,66704,57021
387,1397/7/23 9:19:30,23,66686,649,66675,66698,2850,9:19:30,300,66608,66699,7016,9:19:30,5030,66608,66700,30393,9:19:15,1652,66000,66703,1000,9:19:15,10100,65900,66704,57021
388,1397/7/23 9:19:30,23,66686,649,66675,66698,2850,9:19:30,300,66608,66699,7016,9:19:31,5000,66608,66700,30393,9:19:31,5030,66100,66703,1000,9:19:31,1652,66000,66704,57021
389,1397/7/23 9:19:30,23,66686,649,66675,66698,2850,9:19:30,300,66608,66699,7016,9:19:31,5000,66608,66700,30393,9:19:31,5030,66100,66703,1000,9:19:39,1652,66000,66704,59480
390,1397/7/23 9:19:30,23,66686,649,66675,66698,2850,9:19:30,300,66608,66699,7016,9:19:31,5000,66608,66700,30393,9:19:31,5030,66100,66703,1000,9:19:45,1652,66000,66704,116480
391,1397/7/23 9:19:48,23,66686,947,66675,66698,2850,9:19:30,300,66608,66699,7016,9:19:31,5000,66608,66700,30393,9:19:31,5030,66100,66703,1000,9:19:48,1496,66000,66704,116480
392,1397/7/23 9:19:54,22,66686,947,66675,66697,1000,9:19:54,300,66608,66698,11850,9:19:54,5000,66608,66699,7016,9:19:54,5030,66100,66700,30393,9:19:54,1496,66000,66703,1000
393,1397/7/23 9:20:00,21,66686,29,66676,66697,1000,9:20:00,947,66675,66698,11850,9:20:00,300,66675,66699,7016,9:20:00,5000,66600,66700,30393,9:20:00,5030,66100,66703,1000
394,1397/7/23 9:20:07,1,66675,947,66675,66676,12,9:20:07,300,66608,66697,1000,9:20:07,5000,66608,66698,11850,9:20:07,5030,66100,66699,7016,9:20:07,1496,66000,66700,30393
395,1397/7/23 9:20:07,1,66675,947,66675,66676,12,9:20:07,300,66608,66697,1000,9:20:07,5000,66608,66698,11850,9:20:08,5030,66100,66699,17016,9:20:07,1496,66000,66700,30393
396,1397/7/23 9:20:07,1,66675,947,66675,66676,12,9:20:07,300,66608,66697,1000,9:20:07,5000,66608,66698,11850,9:20:21,5030,66100,66699,17516,9:20:07,1496,66000,66700,30393
397,1397/7/23 9:20:30,22,66686,947,66675,66697,780,9:20:30,300,66608,66698,11850,9:20:30,5000,66608,66699,17516,9:20:30,5030,66100,66700,30393,9:20:30,1496,66000,66703,1000
398,1397/7/23 9:20:31,21,66686,626,66676,66697,780,9:20:31,947,66675,66698,11850,9:20:31,300,66675,66699,17516,9:20:31,5000,66600,66700,30393,9:20:31,5030,66100,66703,1000
399,1397/7/23 9:20:34,21,66686,686,66676,66697,780,9:20:31,947,66675,66698,11850,9:20:31,300,66675,66699,17516,9:20:31,5000,66600,66700,30393,9:20:31,5030,66100,66703,1000
400,1397/7/23 9:20:42,21,66686,589,66676,66697,780,9:20:31,947,66675,66698,11850,9:20:31,300,66675,66699,17516,9:20:31,5000,66600,66700,30393,9:20:31,5030,66100,66703,1000
401,1397/7/23 9:20:42,21,66686,589,66676,66697,780,9:20:47,2613,66675,66698,11850,9:20:31,300,66675,66699,17516,9:20:31,5000,66600,66700,30393,9:20:31,5030,66100,66703,1000
402,1397/7/23 9:20:42,21,66686,589,66676,66697,780,9:20:47,2613,66675,66698,11850,9:20:48,5300,66675,66699,17516,9:20:31,5000,66600,66700,30393,9:20:31,5030,66100,66703,1000
403,1397/7/23 9:20:42,21,66686,589,66676,66697,780,9:20:47,2613,66675,66698,11850,9:20:49,623,66675,66699,17516,9:20:49,5300,66608,66700,30393,9:20:49,5000,66600,66703,1000
404,1397/7/23 9:20:50,22,66687,589,66676,66698,10171,9:20:50,2613,66675,66699,17516,9:20:50,623,66675,66700,30393,9:20:50,5300,66608,66703,1000,9:20:50,5000,66600,66704,114371
405,1397/7/23 9:20:59,22,66687,541,66676,66698,10171,9:20:50,2613,66675,66699,17516,9:20:50,623,66675,66700,30393,9:20:50,5300,66608,66703,1000,9:20:50,5000,66600,66704,114371
406,1397/7/23 9:21:01,22,66687,839,66676,66698,10171,9:21:01,2315,66675,66699,17516,9:20:50,623,66675,66700,30393,9:20:50,5300,66608,66703,1000,9:20:50,5000,66600,66704,114371
407,1397/7/23 9:21:01,22,66687,839,66676,66698,10171,9:21:01,2315,66675,66699,17516,9:20:50,623,66675,66700,30393,9:20:50,5300,66608,66703,1000,9:21:02,5000,66600,66704,115351
408,1397/7/23 9:21:01,22,66687,839,66676,66698,10171,9:21:01,2315,66675,66699,17516,9:21:09,623,66675,66700,30433,9:20:50,5300,66608,66703,1000,9:21:02,5000,66600,66704,115351
409,1397/7/23 9:21:10,22,66687,839,66676,66698,8171,9:21:01,2315,66675,66699,17516,9:21:09,623,66675,66700,30433,9:20:50,5300,66608,66703,1000,9:21:10,5030,66600,66704,115351
410,1397/7/23 9:21:13,22,66687,158,66676,66698,8171,9:21:01,2315,66675,66699,17516,9:21:09,623,66675,66700,30433,9:20:50,5300,66608,66703,1000,9:21:10,5030,66600,66704,115351
411,1397/7/23 9:21:13,22,66687,158,66676,66698,8171,9:21:01,2315,66675,66699,17516,9:21:09,623,66675,66700,30433,9:20:50,5300,66608,66703,1000,9:21:19,5030,66600,66704,120351
412,1397/7/23 9:21:23,66,66642,623,66609,66675,27920,9:21:23,5300,66608,66698,8171,9:21:23,5030,66608,66699,17516,9:21:23,5000,66100,66700,40,9:21:23,1837,66000,66703,1000
413,1397/7/23 9:21:28,66,66642,623,66609,66675,26997,9:21:23,5300,66608,66698,8171,9:21:23,5030,66608,66699,17516,9:21:23,5000,66100,66700,40,9:21:23,1837,66000,66703,1000
414,1397/7/23 9:21:31,66,66642,623,66609,66675,24527,9:21:23,5300,66608,66698,8171,9:21:23,5030,66608,66699,17516,9:21:23,5000,66100,66700,40,9:21:23,1837,66000,66703,1000
415,1397/7/23 9:21:35,66,66642,142,66609,66675,24527,9:21:23,5300,66608,66698,8171,9:21:23,5030,66608,66699,17516,9:21:23,5000,66100,66700,40,9:21:23,1837,66000,66703,1000
416,1397/7/23 9:22:23,500,66350,5000,66100,66600,14055,9:22:23,1837,66000,66670,180,9:22:23,5100,66000,66698,8171,9:22:23,769,65500,66699,17516,9:22:23,5000,65305,66700,40
417,1397/7/23 9:22:31,500,66350,6000,66100,66600,14055,9:22:23,1837,66000,66670,180,9:22:23,5100,66000,66698,8171,9:22:23,769,65500,66699,17516,9:22:23,5000,65305,66700,40
418,1397/7/23 9:22:31,500,66350,6000,66100,66600,14055,9:22:23,1837,66000,66670,180,9:22:43,5100,66000,66680,978,9:22:43,769,65500,66698,8171,9:22:43,5000,65305,66699,17516
419,1397/7/23 9:22:48,500,66350,6000,66100,66600,14025,9:22:23,1837,66000,66670,180,9:22:43,5100,66000,66680,978,9:22:43,769,65500,66698,8171,9:22:43,5000,65305,66699,17516
420,1397/7/23 9:22:50,500,66350,6000,66100,66600,13929,9:22:23,1837,66000,66670,180,9:22:43,5100,66000,66680,978,9:22:43,769,65500,66698,8171,9:22:43,5000,65305,66699,17516
421,1397/7/23 9:22:50,500,66350,6000,66100,66600,13929,9:22:23,1837,66000,66670,180,9:22:53,5000,66000,66680,978,9:22:43,769,65500,66698,8171,9:22:53,5100,65305,66699,17516
422,1397/7/23 9:22:56,499,66349,6000,66100,66599,475,9:22:56,1837,66000,66600,13929,9:22:56,5000,66000,66670,180,9:22:56,769,65500,66680,978,9:22:56,5100,65305,66698,8171
423,1397/7/23 9:23:11,498,66350,376,66101,66599,475,9:23:11,6000,66100,66600,13929,9:23:11,1837,66100,66670,180,9:23:11,5000,65900,66680,978,9:23:11,769,65500,66698,8171
424,1397/7/23 9:23:17,498,66350,476,66101,66599,475,9:23:11,6000,66100,66600,13929,9:23:11,1837,66100,66670,180,9:23:11,5000,65900,66680,978,9:23:11,769,65500,66698,8171
425,1397/7/23 9:23:29,498,66350,476,66101,66599,446,9:23:11,6000,66100,66600,13929,9:23:11,1837,66100,66670,180,9:23:11,5000,65900,66680,978,9:23:11,769,65500,66698,8171
426,1397/7/23 9:23:29,498,66350,476,66101,66599,446,9:23:42,6000,66100,66600,23412,9:23:11,1837,66100,66670,180,9:23:11,5000,65900,66680,978,9:23:11,769,65500,66698,8171
427,1397/7/23 9:23:29,498,66350,476,66101,66599,446,9:23:42,6000,66100,66600,23412,9:23:44,1837,66100,66650,977,9:23:44,5000,65900,66670,180,9:23:11,769,65500,66698,8171
428,1397/7/23 9:23:29,498,66350,476,66101,66599,446,9:23:58,6068,66100,66600,23412,9:23:44,1837,66100,66650,977,9:23:44,5000,65900,66670,180,9:23:11,769,65500,66698,8171
429,1397/7/23 9:23:29,498,66350,476,66101,66599,446,9:23:58,6068,66100,66600,23412,9:23:59,2137,66100,66650,977,9:23:44,5000,65900,66670,180,9:23:11,769,65500,66698,8171
430,1397/7/23 9:23:29,498,66350,476,66101,66599,446,9:24:02,7568,66100,66600,23412,9:23:59,2137,66100,66650,977,9:23:44,5000,65900,66670,180,9:23:11,769,65500,66698,8171
431,1397/7/23 9:24:06,449,66374,450,66150,66599,446,9:24:06,476,66101,66600,23412,9:24:06,7568,66101,66650,977,9:24:06,2137,66000,66670,180,9:24:06,5000,65900,66698,8171
432,1397/7/23 9:24:08,1,66599,718,66599,66600,23412,9:24:08,450,66150,66650,977,9:24:08,476,66150,66670,180,9:24:08,7568,66100,66698,8171,9:24:08,2137,66000,66699,17516
433,1397/7/23 9:24:22,1,66599,718,66599,66600,22912,9:24:08,450,66150,66650,977,9:24:08,476,66150,66670,180,9:24:08,7568,66100,66698,8171,9:24:08,2137,66000,66699,17516
434,1397/7/23 9:24:23,1,66599,906,66599,66600,22912,9:24:08,450,66150,66650,977,9:24:08,476,66150,66670,180,9:24:08,7568,66100,66698,8171,9:24:08,2137,66000,66699,17516
435,1397/7/23 9:24:25,1,66599,906,66599,66600,22412,9:24:08,450,66150,66650,977,9:24:08,476,66150,66670,180,9:24:08,7568,66100,66698,8171,9:24:08,2137,66000,66699,17516
436,1397/7/23 9:24:28,1,66599,906,66599,66600,22912,9:24:08,450,66150,66650,977,9:24:08,476,66150,66670,180,9:24:08,7568,66100,66698,8171,9:24:08,2137,66000,66699,17516
437,1397/7/23 9:24:30,1,66599,906,66599,66600,22536,9:24:08,450,66150,66650,977,9:24:30,100,66150,66670,180,9:24:08,7568,66100,66698,8171,9:24:08,2137,66000,66699,17516
438,1397/7/23 9:24:30,1,66599,906,66599,66600,22536,9:24:08,450,66150,66650,977,9:24:30,100,66150,66670,180,9:24:08,7568,66100,66698,8171,9:24:36,2513,66000,66699,17516
439,1397/7/23 9:24:42,1,66599,806,66599,66600,22576,9:24:08,450,66150,66650,977,9:24:30,100,66150,66670,180,9:24:08,7568,66100,66698,8171,9:24:36,2513,66000,66699,17516
440,1397/7/23 9:24:44,1,66599,806,66599,66600,21076,9:24:08,450,66150,66650,977,9:24:30,100,66150,66670,180,9:24:44,6068,66100,66698,8171,9:24:36,2513,66000,66699,17516
441,1397/7/23 9:24:54,1,66599,706,66599,66600,21076,9:24:08,450,66150,66650,977,9:24:30,100,66150,66670,180,9:24:44,6068,66100,66698,8171,9:24:36,2513,66000,66699,17516
442,1397/7/23 9:24:55,1,66599,518,66599,66600,20888,9:24:08,450,66150,66650,977,9:24:30,100,66150,66670,180,9:24:44,6068,66100,66698,8171,9:24:36,2513,66000,66699,17516
443,1397/7/23 9:24:55,1,66599,518,66599,66600,20888,9:24:57,100,66101,66650,977,9:24:57,6068,66101,66670,180,9:24:57,2513,66000,66698,8171,9:24:57,5000,65900,66699,17516
444,1397/7/23 9:25:10,1,66599,418,66599,66600,20888,9:24:57,100,66101,66650,977,9:24:57,6068,66101,66670,180,9:24:57,2513,66000,66698,8171,9:24:57,5000,65900,66699,17516
445,1397/7/23 9:25:10,1,66599,418,66599,66600,20888,9:25:11,750,66200,66650,977,9:25:11,100,66200,66670,180,9:25:11,6068,66100,66698,8171,9:25:11,2513,66000,66699,17516
446,1397/7/23 9:25:13,1,66599,2418,66599,66600,21866,9:25:13,750,66200,66670,180,9:25:13,100,66200,66698,8171,9:25:13,6068,66100,66699,17516,9:25:13,2513,66000,66703,1000
447,1397/7/23 9:25:15,1,66599,2418,66599,66600,21366,9:25:13,750,66200,66670,180,9:25:13,100,66200,66698,8171,9:25:13,6068,66100,66699,17516,9:25:13,2513,66000,66703,1000
448,1397/7/23 9:25:18,1,66599,1996,66599,66600,21366,9:25:13,750,66200,66670,180,9:25:13,100,66200,66698,8171,9:25:13,6068,66100,66699,17516,9:25:13,2513,66000,66703,1000
449,1397/7/23 9:25:18,1,66599,1996,66599,66600,21366,9:25:13,750,66200,66670,180,9:25:13,100,66200,66698,8171,9:25:13,6068,66100,66699,17516,9:25:23,3513,66000,66703,1000
450,1397/7/23 9:25:18,1,66599,1996,66599,66600,21366,9:25:26,750,66200,66670,580,9:25:13,100,66200,66698,8171,9:25:13,6068,66100,66699,17516,9:25:23,3513,66000,66703,1000
451,1397/7/23 9:25:18,1,66599,1996,66599,66600,21366,9:25:26,750,66200,66670,580,9:25:13,100,66200,66698,8171,9:25:13,6068,66100,66699,17516,9:25:27,3513,66000,66700,500
452,1397/7/23 9:25:34,1,66599,1996,66599,66600,21404,9:25:26,750,66200,66670,580,9:25:13,100,66200,66698,8171,9:25:13,6068,66100,66699,17516,9:25:27,3513,66000,66700,500
453,1397/7/23 9:25:45,1,66599,1969,66599,66600,21404,9:25:26,750,66200,66670,580,9:25:13,100,66200,66698,8171,9:25:13,6068,66100,66699,17516,9:25:27,3513,66000,66700,500
454,1397/7/23 9:25:52,1,66599,1969,66599,66600,21255,9:25:26,750,66200,66670,580,9:25:13,100,66200,66698,8171,9:25:13,6068,66100,66699,17516,9:25:27,3513,66000,66700,500
455,1397/7/23 9:25:54,1,66599,933,66599,66600,21255,9:25:26,750,66200,66670,580,9:25:13,100,66200,66698,8171,9:25:13,6068,66100,66699,17516,9:25:27,3513,66000,66700,500
456,1397/7/23 9:25:55,1,66599,933,66599,66600,20755,9:25:26,750,66200,66670,580,9:25:13,100,66200,66698,8171,9:25:13,6068,66100,66699,17516,9:25:27,3513,66000,66700,500
457,1397/7/23 9:26:01,1,66599,933,66599,66600,20455,9:25:26,750,66200,66670,580,9:25:13,100,66200,66698,8171,9:25:13,6068,66100,66699,17516,9:25:27,3513,66000,66700,500
458,1397/7/23 9:26:03,1,66599,733,66599,66600,20455,9:25:26,750,66200,66670,580,9:25:13,100,66200,66698,8171,9:25:13,6068,66100,66699,17516,9:25:27,3513,66000,66700,500
459,1397/7/23 9:26:08,1,66599,693,66599,66600,20415,9:25:26,750,66200,66670,580,9:25:13,100,66200,66698,8171,9:25:13,6068,66100,66699,17516,9:25:27,3513,66000,66700,500
460,1397/7/23 9:26:09,1,66599,693,66599,66600,20915,9:25:26,750,66200,66670,580,9:25:13,100,66200,66698,8171,9:25:13,6068,66100,66699,17516,9:26:09,3513,66000,66703,1000
461,1397/7/23 9:26:13,399,66399,750,66200,66599,9223,9:26:13,100,66101,66600,10999,9:26:13,6068,66101,66670,580,9:26:13,3513,66000,66698,8171,9:26:13,5000,65900,66699,17516
462,1397/7/23 9:26:20,399,66399,750,66200,66599,7223,9:26:13,100,66101,66600,10999,9:26:13,6068,66101,66670,580,9:26:13,3513,66000,66698,8171,9:26:13,5000,65900,66699,17516
463,1397/7/23 9:26:21,399,66399,750,66200,66599,26123,9:26:13,100,66101,66600,10999,9:26:13,6068,66101,66670,580,9:26:13,3513,66000,66698,8171,9:26:13,5000,65900,66699,17516
464,1397/7/23 9:26:32,398,66399,1750,66200,66598,10000,9:26:32,100,66101,66599,26123,9:26:32,5068,66101,66600,10999,9:26:32,3513,66000,66670,580,9:26:32,5000,65900,66698,8171
465,1397/7/23 9:26:34,398,66399,1750,66200,66598,9880,9:26:32,100,66101,66599,26123,9:26:32,5068,66101,66600,10999,9:26:32,3513,66000,66670,580,9:26:32,5000,65900,66698,8171
466,1397/7/23 9:26:34,398,66399,1750,66200,66598,9880,9:26:35,100,66101,66599,26153,9:26:32,5068,66101,66600,10999,9:26:32,3513,66000,66670,580,9:26:32,5000,65900,66698,8171
467,1397/7/23 9:26:40,348,66424,450,66250,66598,9880,9:26:40,1750,66200,66599,26153,9:26:40,100,66200,66600,10999,9:26:40,5068,66100,66670,580,9:26:40,3513,66000,66698,8171
468,1397/7/23 9:26:51,348,66424,450,66250,66598,9910,9:26:51,1750,66200,66599,26123,9:26:40,100,66200,66600,10999,9:26:40,5068,66100,66670,580,9:26:40,3513,66000,66698,8171
469,1397/7/23 9:27:02,50,66225,1750,66200,66250,50,9:27:02,100,66101,66598,9910,9:27:02,5068,66101,66599,26123,9:27:02,3513,66000,66600,10499,9:27:02,5000,65900,66670,580
470,1397/7/23 9:27:14,50,66225,1780,66200,66250,50,9:27:02,100,66101,66598,9910,9:27:02,5068,66101,66599,26123,9:27:02,3513,66000,66600,10499,9:27:02,5000,65900,66670,580
471,1397/7/23 9:27:22,50,66225,1742,66200,66250,50,9:27:02,100,66101,66598,9910,9:27:02,5068,66101,66599,26123,9:27:22,3513,66000,66600,10461,9:27:02,5000,65900,66670,580
472,1397/7/23 9:27:27,50,66225,1742,66200,66250,80,9:27:27,100,66101,66598,9880,9:27:02,5068,66101,66599,26123,9:27:22,3513,66000,66600,10461,9:27:02,5000,65900,66670,580
473,1397/7/23 9:27:29,50,66225,1742,66200,66250,53,9:27:27,100,66101,66598,9880,9:27:02,5068,66101,66599,26123,9:27:22,3513,66000,66600,10461,9:27:02,5000,65900,66670,580
474,1397/7/23 9:27:29,50,66225,1742,66200,66250,53,9:27:27,100,66101,66598,9880,9:27:02,5068,66101,66599,26123,9:27:32,3213,66000,66600,10461,9:27:32,5300,65900,66670,580
475,1397/7/23 9:27:36,50,66225,1742,66200,66250,28,9:27:27,100,66101,66598,9880,9:27:02,5068,66101,66599,26123,9:27:32,3213,66000,66600,10461,9:27:32,5300,65900,66670,580
476,1397/7/23 9:27:45,348,66424,122,66250,66598,9880,9:27:45,1742,66200,66599,26123,9:27:45,100,66200,66600,10461,9:27:45,5068,66100,66670,580,9:27:45,3213,66000,66698,8171
477,1397/7/23 9:27:45,348,66424,122,66250,66598,9880,9:27:47,2193,66200,66599,26123,9:27:45,100,66200,66600,10461,9:27:45,5068,66100,66670,580,9:27:45,3213,66000,66698,8171
478,1397/7/23 9:27:48,348,66424,222,66250,66598,9880,9:27:47,2193,66200,66599,26123,9:27:48,5068,66200,66600,10461,9:27:48,3213,66000,66670,580,9:27:48,5300,65900,66698,8171
479,1397/7/23 9:27:55,50,66225,2193,66200,66250,278,9:27:55,5068,66100,66598,9880,9:27:55,3213,66100,66599,26123,9:27:55,5300,65900,66600,10461,9:27:55,769,65500,66670,580
480,1397/7/23 9:27:55,50,66225,2193,66200,66250,278,9:27:57,5068,66100,66598,14880,9:27:55,3213,66100,66599,26123,9:27:55,5300,65900,66600,10461,9:27:55,769,65500,66670,580
481,1397/7/23 9:28:02,348,66424,848,66250,66598,14880,9:28:02,2193,66200,66599,26123,9:28:02,5068,66200,66600,10461,9:28:02,3213,66000,66670,580,9:28:02,5300,65900,66698,8171
482,1397/7/23 9:28:06,348,66424,883,66250,66598,14880,9:28:02,2193,66200,66599,26123,9:28:02,5068,66200,66600,10461,9:28:02,3213,66000,66670,580,9:28:02,5300,65900,66698,8171
483,1397/7/23 9:28:15,348,66424,1334,66250,66598,14880,9:28:15,1742,66200,66599,26123,9:28:02,5068,66200,66600,10461,9:28:02,3213,66000,66670,580,9:28:02,5300,65900,66698,8171
484,1397/7/23 9:28:17,298,66449,35,66300,66598,14880,9:28:17,1334,66250,66599,26123,9:28:17,1742,66250,66600,10461,9:28:17,5068,66100,66670,580,9:28:17,3213,66000,66698,8171
485,1397/7/23 9:28:18,348,66424,369,66250,66598,14880,9:28:18,1742,66200,66599,26123,9:28:18,5068,66200,66600,10461,9:28:18,3213,66000,66670,580,9:28:18,5300,65900,66698,8171
486,1397/7/23 9:28:19,348,66424,369,66250,66598,19880,9:28:18,1742,66200,66599,26123,9:28:18,5068,66200,66600,10461,9:28:18,3213,66000,66670,580,9:28:18,5300,65900,66698,8171
487,1397/7/23 9:28:19,348,66424,369,66250,66598,19880,9:28:18,1742,66200,66599,26123,9:28:18,5068,66200,66600,10461,9:28:25,2806,66000,66670,580,9:28:25,5707,65900,66698,8171
488,1397/7/23 9:28:32,348,66424,1369,66250,66598,19880,9:28:32,742,66200,66599,26123,9:28:18,5068,66200,66600,10461,9:28:25,2806,66000,66670,580,9:28:25,5707,65900,66698,8171
489,1397/7/23 9:28:32,348,66424,1369,66250,66598,19880,9:28:32,742,66200,66599,26123,9:28:18,5068,66200,66600,10461,9:28:33,2906,66000,66670,580,9:28:25,5707,65900,66698,8171
490,1397/7/23 9:28:37,348,66424,1419,66250,66598,19880,9:28:32,742,66200,66599,26123,9:28:18,5068,66200,66600,10461,9:28:33,2906,66000,66670,580,9:28:25,5707,65900,66698,8171
491,1397/7/23 9:28:58,348,66424,1210,66250,66598,19880,9:28:32,742,66200,66599,26123,9:28:18,5068,66200,66600,10461,9:28:33,2906,66000,66670,580,9:28:25,5707,65900,66698,8171
492,1397/7/23 9:29:03,348,66424,1230,66250,66598,19880,9:28:32,742,66200,66599,26123,9:28:18,5068,66200,66600,10461,9:28:33,2906,66000,66670,580,9:28:25,5707,65900,66698,8171
493,1397/7/23 9:29:07,348,66424,1248,66250,66598,29363,9:28:32,742,66200,66599,26123,9:29:07,5068,66200,66600,978,9:28:33,2906,66000,66670,580,9:28:25,5707,65900,66698,8171
494,1397/7/23 9:29:07,348,66424,1248,66250,66598,29363,9:29:20,992,66200,66599,26123,9:29:07,5068,66200,66600,978,9:28:33,2906,66000,66670,580,9:28:25,5707,65900,66698,8171
495,1397/7/23 9:29:32,347,66424,31,66251,66598,29363,9:29:32,1248,66250,66599,26123,9:29:32,992,66250,66600,978,9:29:32,5068,66100,66670,580,9:29:32,2906,66000,66698,8171
496,1397/7/23 9:29:32,347,66424,31,66251,66598,29363,9:29:32,1248,66250,66599,26123,9:29:32,992,66250,66600,978,9:29:32,5068,66100,66670,580,9:29:35,3351,66000,66698,8171
497,1397/7/23 9:29:36,347,66424,4688,66251,66598,29363,9:29:32,1248,66250,66599,26123,9:29:32,992,66250,66600,978,9:29:32,5068,66100,66670,580,9:29:35,3351,66000,66698,8171
498,1397/7/23 9:29:37,346,66424,4688,66251,66597,150,9:29:37,1248,66250,66598,29363,9:29:37,992,66250,66599,26123,9:29:37,5068,66100,66600,978,9:29:37,3351,66000,66670,580
499,1397/7/23 9:29:39,346,66424,4448,66251,66597,150,9:29:37,1248,66250,66598,29363,9:29:39,742,66250,66599,26123,9:29:39,250,66150,66600,978,9:29:39,5068,66100,66670,580
500,1397/7/23 9:29:49,346,66424,2448,66251,66597,150,9:29:37,1248,66250,66598,29363,9:29:39,742,66250,66599,26123,9:29:39,250,66150,66600,978,9:29:39,5068,66100,66670,580
501,1397/7/23 9:29:54,345,66424,18,66252,66597,150,9:29:54,2448,66251,66598,29363,9:29:54,1230,66251,66599,26123,9:29:54,742,66200,66600,978,9:29:54,250,66150,66670,580
502,1397/7/23 9:29:59,346,66425,18,66252,66598,24513,9:29:59,2448,66251,66599,26123,9:29:59,1230,66251,66600,978,9:29:59,742,66200,66670,580,9:29:59,250,66150,66698,8171
503,1397/7/23 9:30:02,346,66425,18,66252,66598,24424,9:29:59,2448,66251,66599,26123,9:29:59,1230,66251,66600,978,9:29:59,742,66200,66670,580,9:29:59,250,66150,66698,8171
504,1397/7/23 9:30:07,346,66425,118,66252,66598,24424,9:29:59,2448,66251,66599,26123,9:29:59,1230,66251,66600,978,9:29:59,742,66200,66670,580,9:29:59,250,66150,66698,8171
505,1397/7/23 9:30:12,346,66425,2118,66252,66598,24424,9:29:59,2448,66251,66599,26123,9:29:59,1230,66251,66600,978,9:29:59,742,66200,66670,580,9:29:59,250,66150,66698,8171
506,1397/7/23 9:30:20,346,66425,2148,66252,66598,24424,9:29:59,2448,66251,66599,26123,9:29:59,1230,66251,66600,978,9:30:20,712,66200,66670,580,9:29:59,250,66150,66698,8171
507,1397/7/23 9:30:20,346,66425,2148,66252,66598,24424,9:29:59,2448,66251,66599,26123,9:29:59,1230,66251,66600,978,9:30:35,764,66200,66670,580,9:29:59,250,66150,66698,8171
508,1397/7/23 9:30:20,346,66425,2148,66252,66598,24424,9:29:59,2448,66251,66599,26123,9:29:59,1230,66251,66600,978,9:30:35,764,66200,66670,580,9:30:38,250,66150,66680,100
509,1397/7/23 9:30:39,2,66597,134,66596,66598,24424,9:30:39,2148,66252,66599,26123,9:30:39,2448,66252,66600,978,9:30:39,1230,66250,66670,580,9:30:39,764,66200,66680,100
510,1397/7/23 9:31:01,344,66424,2148,66252,66596,8866,9:31:01,2448,66251,66598,24424,9:31:01,1230,66251,66600,978,9:31:01,764,66200,66670,580,9:31:01,250,66150,66680,100
511,1397/7/23 9:31:01,344,66424,2148,66252,66596,8866,9:31:01,2448,66251,66598,24424,9:31:06,1230,66251,66600,1478,9:31:01,764,66200,66670,580,9:31:01,250,66150,66680,100
512,1397/7/23 9:31:22,343,66424,1000,66253,66596,8866,9:31:22,2148,66252,66598,24424,9:31:22,2448,66252,66600,1478,9:31:22,1230,66250,66670,580,9:31:22,764,66200,66680,100
513,1397/7/23 9:31:22,343,66424,1000,66253,66596,8866,9:31:22,2148,66252,66598,24424,9:31:24,2448,66252,66600,1503,9:31:22,1230,66250,66670,580,9:31:22,764,66200,66680,100
514,1397/7/23 9:31:38,342,66425,18,66254,66596,8866,9:31:38,1000,66253,66598,24424,9:31:38,2130,66253,66600,1503,9:31:38,2448,66251,66670,580,9:31:38,1260,66250,66680,100
515,1397/7/23 9:31:38,342,66425,18,66254,66596,8866,9:31:38,1000,66253,66598,24424,9:31:44,2314,66253,66600,1503,9:31:38,2448,66251,66670,580,9:31:38,1260,66250,66680,100
516,1397/7/23 9:31:38,342,66425,18,66254,66596,8866,9:31:53,1855,66253,66598,24424,9:31:44,2314,66253,66600,1503,9:31:38,2448,66251,66670,580,9:31:38,1260,66250,66680,100
517,1397/7/23 9:32:07,216,66362,18,66254,66470,70,9:32:07,1855,66253,66596,8866,9:32:07,2314,66253,66598,24424,9:32:07,2448,66251,66600,1503,9:32:07,1260,66250,66670,580
518,1397/7/23 9:32:22,342,66425,18,66254,66596,1436,9:32:22,1855,66253,66598,24424,9:32:22,2314,66253,66600,1503,9:32:22,2468,66251,66670,580,9:32:22,1260,66250,66680,100
519,1397/7/23 9:32:29,341,66425,445,66255,66596,1436,9:32:29,18,66254,66598,24424,9:32:29,1855,66254,66600,1503,9:32:29,2314,66252,66670,580,9:32:29,2468,66251,66680,100
520,1397/7/23 9:32:33,341,66425,445,66255,66596,1336,9:32:29,18,66254,66598,24424,9:32:29,1855,66254,66600,1503,9:32:29,2314,66252,66670,580,9:32:29,2468,66251,66680,100
521,1397/7/23 9:32:35,341,66425,445,66255,66596,1199,9:32:29,18,66254,66598,24424,9:32:29,1855,66254,66600,1503,9:32:29,2314,66252,66670,580,9:32:29,2468,66251,66680,100
522,1397/7/23 9:32:39,341,66425,475,66255,66596,11199,9:32:39,123,66254,66598,24424,9:32:29,1855,66254,66600,1503,9:32:39,2284,66252,66670,580,9:32:29,2468,66251,66680,100
523,1397/7/23 9:32:40,341,66425,475,66255,66596,11149,9:32:39,123,66254,66598,24424,9:32:29,1855,66254,66600,1503,9:32:39,2284,66252,66670,580,9:32:29,2468,66251,66680,100
524,1397/7/23 9:32:43,340,66426,398,66256,66596,11149,9:32:43,475,66255,66598,24424,9:32:43,123,66255,66600,1503,9:32:43,1855,66253,66670,580,9:32:43,2284,66252,66680,100
525,1397/7/23 9:32:49,146,66523,1000,66450,66596,6015,9:32:49,398,66256,66598,24424,9:32:49,475,66256,66600,1503,9:32:49,123,66254,66670,580,9:32:49,1855,66253,66680,100
526,1397/7/23 9:32:49,146,66523,1000,66450,66596,6015,9:32:51,18,66257,66598,24424,9:32:51,398,66257,66600,1503,9:32:51,475,66255,66670,580,9:32:51,105,66254,66680,100
527,1397/7/23 9:32:56,100,66500,1000,66450,66550,30,9:32:56,18,66257,66596,6015,9:32:56,398,66257,66598,24424,9:32:56,475,66255,66600,1503,9:32:56,105,66254,66670,580
528,1397/7/23 9:33:06,145,66522,1000,66450,66595,5000,9:33:06,712,66281,66596,6015,9:33:06,18,66281,66598,24424,9:33:06,398,66256,66600,1503,9:33:06,475,66255,66670,580
529,1397/7/23 9:33:10,145,66522,1200,66450,66595,5000,9:33:06,712,66281,66596,6015,9:33:06,18,66281,66598,24424,9:33:06,398,66256,66600,1503,9:33:06,475,66255,66670,580
530,1397/7/23 9:33:15,95,66547,30000,66500,66595,5000,9:33:15,1200,66450,66596,6015,9:33:15,712,66450,66597,5000,9:33:15,18,66257,66598,24424,9:33:15,398,66256,66600,1503
531,1397/7/23 9:33:15,95,66547,30000,66500,66595,5000,9:33:18,1320,66450,66596,6015,9:33:15,712,66450,66597,5000,9:33:15,18,66257,66598,24424,9:33:15,398,66256,66600,1503
532,1397/7/23 9:33:15,95,66547,30000,66500,66595,5000,9:33:29,30000,66460,66596,6015,9:33:29,1320,66460,66597,5000,9:33:29,712,66281,66598,24424,9:33:29,18,66257,66600,1503
533,1397/7/23 9:33:34,94,66548,18,66501,66595,5000,9:33:34,30000,66500,66596,6015,9:33:34,30000,66500,66597,5000,9:33:34,1320,66450,66598,24424,9:33:34,712,66281,66600,1503
534,1397/7/23 9:33:34,94,66548,18,66501,66595,5000,9:33:34,30000,66500,66596,6015,9:33:34,30000,66500,66597,5000,9:33:40,2320,66450,66598,24424,9:33:34,712,66281,66600,1503
535,1397/7/23 9:33:34,94,66548,18,66501,66595,5000,9:33:34,30000,66500,66596,6015,9:33:34,30000,66500,66597,5000,9:33:41,3320,66450,66598,24424,9:33:34,712,66281,66600,1503
536,1397/7/23 9:33:47,94,66548,416,66501,66595,5000,9:33:34,30000,66500,66596,6015,9:33:34,30000,66500,66597,5000,9:33:41,3320,66450,66598,24424,9:33:34,712,66281,66600,1503
537,1397/7/23 9:33:47,94,66548,416,66501,66595,5000,9:34:00,30000,66500,66596,1015,9:34:00,30000,66500,66598,24424,9:34:00,3320,66450,66600,1503,9:34:00,712,66281,66670,580
538,1397/7/23 9:34:07,94,66548,408,66501,66595,5000,9:34:00,30000,66500,66596,1015,9:34:00,30000,66500,66598,24424,9:34:00,3320,66450,66600,1503,9:34:00,712,66281,66670,580
539,1397/7/23 9:34:11,94,66548,407,66501,66595,5000,9:34:00,30000,66500,66596,1015,9:34:00,30000,66500,66598,24424,9:34:00,3320,66450,66600,1503,9:34:00,712,66281,66670,580
540,1397/7/23 9:34:13,94,66548,407,66501,66595,4800,9:34:00,30000,66500,66596,1015,9:34:00,30000,66500,66598,24424,9:34:00,3320,66450,66600,1503,9:34:00,712,66281,66670,580
541,1397/7/23 9:34:14,75,66557,105,66520,66595,4800,9:34:14,407,66501,66596,1015,9:34:14,30000,66501,66598,24424,9:34:14,30000,66460,66600,1503,9:34:14,3320,66450,66670,580
542,1397/7/23 9:34:22,74,66558,30,66521,66595,4800,9:34:22,105,66520,66596,1015,9:34:22,407,66520,66598,24424,9:34:22,30000,66500,66600,1503,9:34:22,30000,66460,66670,580
543,1397/7/23 9:34:23,74,66558,30,66521,66595,4577,9:34:22,105,66520,66596,1015,9:34:22,407,66520,66598,24424,9:34:22,30000,66500,66600,1503,9:34:22,30000,66460,66670,580
544,1397/7/23 9:34:23,74,66558,30,66521,66595,4577,9:34:22,105,66520,66596,1015,9:34:29,855,66520,66598,24424,9:34:29,4907,66501,66600,1503,9:34:29,30000,66500,66670,580
545,1397/7/23 9:34:23,74,66558,30,66521,66595,4577,9:34:22,105,66520,66596,1015,9:34:29,855,66520,66598,24424,9:34:36,5907,66501,66600,1503,9:34:29,30000,66500,66670,580
546,1397/7/23 9:34:38,74,66558,30,66521,66595,3083,9:34:22,105,66520,66596,1015,9:34:29,855,66520,66598,24424,9:34:36,5907,66501,66600,1503,9:34:29,30000,66500,66670,580
547,1397/7/23 9:34:43,74,66558,30,66521,66595,2688,9:34:22,105,66520,66596,1015,9:34:29,855,66520,66598,24424,9:34:43,5517,66501,66600,1503,9:34:29,30000,66500,66670,580
548,1397/7/23 9:34:46,74,66558,30,66521,66595,2288,9:34:22,105,66520,66596,1015,9:34:29,855,66520,66598,24424,9:34:43,5517,66501,66600,1503,9:34:29,30000,66500,66670,580
549,1397/7/23 9:34:54,65,66562,17,66530,66595,2288,9:34:54,30,66521,66596,1015,9:34:54,105,66521,66598,24424,9:34:54,855,66502,66600,1503,9:34:54,5500,66501,66670,580
550,1397/7/23 9:35:03,60,66560,17,66530,66590,500,9:35:03,30,66521,66595,2288,9:35:03,105,66521,66596,1015,9:35:03,855,66502,66598,24424,9:35:03,5500,66501,66600,1503
551,1397/7/23 9:35:04,2,66599,14650,66598,66600,1503,9:35:04,17,66530,66670,580,9:35:04,30,66530,66680,100,9:35:04,105,66520,66698,8171,9:35:04,855,66502,66699,17516
552,1397/7/23 9:35:10,2,66599,14650,66598,66600,503,9:35:04,17,66530,66670,580,9:35:04,30,66530,66680,100,9:35:04,105,66520,66698,8171,9:35:04,855,66502,66699,17516
553,1397/7/23 9:35:16,2,66599,14680,66598,66600,58,9:35:04,17,66530,66670,580,9:35:16,105,66530,66680,100,9:35:16,855,66502,66698,8171,9:35:16,5500,66501,66699,17516
554,1397/7/23 9:35:16,2,66599,14680,66598,66600,58,9:35:04,17,66530,66670,580,9:35:20,1000,66530,66680,100,9:35:20,105,66520,66698,8171,9:35:20,855,66502,66699,17516
555,1397/7/23 9:35:21,2,66599,14539,66598,66600,58,9:35:04,17,66530,66670,580,9:35:20,1000,66530,66680,100,9:35:20,105,66520,66698,8171,9:35:20,855,66502,66699,17516
556,1397/7/23 9:35:26,2,66599,14659,66598,66600,58,9:35:04,17,66530,66670,580,9:35:20,1000,66530,66680,100,9:35:20,105,66520,66698,8171,9:35:20,855,66502,66699,17516
557,1397/7/23 9:35:29,2,66599,14859,66598,66600,58,9:35:04,17,66530,66670,580,9:35:20,1000,66530,66680,100,9:35:20,105,66520,66698,8171,9:35:20,855,66502,66699,17516
558,1397/7/23 9:35:30,28,66684,1862,66670,66698,8171,9:35:30,14833,66598,66699,17516,9:35:30,17,66598,66700,1500,9:35:30,1000,66521,66704,108946,9:35:30,105,66520,69720,70
559,1397/7/23 9:35:30,28,66684,1862,66670,66698,8171,9:35:31,17,66600,66699,17516,9:35:31,14833,66600,66700,1500,9:35:30,1000,66521,66704,108946,9:35:30,105,66520,69720,70
560,1397/7/23 9:35:32,28,66684,2362,66670,66698,8171,9:35:31,17,66600,66699,17516,9:35:31,14833,66600,66700,1500,9:35:30,1000,66521,66704,108946,9:35:30,105,66520,69720,70
561,1397/7/23 9:35:32,28,66684,2362,66670,66698,8171,9:35:31,17,66600,66699,17516,9:35:31,14833,66600,66700,1500,9:35:37,1000,66521,66704,110946,9:35:30,105,66520,69720,70
562,1397/7/23 9:35:39,34,66687,2362,66670,66704,59133,9:35:39,17,66600,69720,70,9:35:39,14833,66600,0,0,9:35:39,1000,66521,0,0,9:35:39,105,66520,0,0
563,1397/7/23 9:35:41,5,66701,1862,66699,66704,59133,9:35:41,500,66670,69720,70,9:35:41,17,66670,0,0,9:35:41,14833,66598,0,0,9:35:41,1000,66521,0,0
564,1397/7/23 9:35:43,3016,68212,867,66704,69720,70,9:35:43,1862,66699,0,0,9:35:43,500,66699,0,0,9:35:43,17,66600,0,0,9:35:43,14833,66598,0,0
565,1397/7/23 9:35:44,3016,68212,1067,66704,69720,70,9:35:43,1862,66699,0,0,9:35:43,500,66699,0,0,9:35:43,17,66600,0,0,9:35:43,14833,66598,0,0
566,1397/7/23 9:35:46,3016,68212,4367,66704,69720,70,9:35:43,1862,66699,0,0,9:35:46,500,66699,0,0,9:35:43,17,66600,0,0,9:35:43,14833,66598,0,0
567,1397/7/23 9:35:48,3016,68212,104367,66704,69720,70,9:35:43,1862,66699,0,0,9:35:46,500,66699,0,0,9:35:43,17,66600,0,0,9:35:43,14833,66598,0,0
568,1397/7/23 9:35:51,3016,68212,106229,66704,69720,70,9:35:51,500,66698,0,0,9:35:51,17,66698,0,0,9:35:51,14833,66598,0,0,9:35:51,1000,66521,0,0
569,1397/7/23 9:35:52,3016,68212,146229,66704,69720,70,9:35:51,500,66698,0,0,9:35:51,17,66698,0,0,9:35:51,14833,66598,0,0,9:35:51,1000,66521,0,0
570,1397/7/23 9:35:53,3016,68212,159229,66704,69720,70,9:35:51,500,66698,0,0,9:35:51,17,66698,0,0,9:35:51,14833,66598,0,0,9:35:51,1000,66521,0,0
571,1397/7/23 9:35:54,3016,68212,159329,66704,69720,70,9:35:51,500,66698,0,0,9:35:51,17,66698,0,0,9:35:51,14833,66598,0,0,9:35:51,1000,66521,0,0
572,1397/7/23 9:35:57,3016,68212,159829,66704,69720,70,9:35:57,17,66600,0,0,9:35:57,14833,66600,0,0,9:35:57,1000,66521,0,0,9:35:57,105,66520,0,0
573,1397/7/23 9:35:57,3016,68212,159829,66704,69720,70,9:35:57,17,66600,0,0,9:35:58,54833,66600,0,0,9:35:57,1000,66521,0,0,9:35:57,105,66520,0,0
574,1397/7/23 9:35:59,3016,68212,164846,66704,69720,70,9:35:59,54833,66598,0,0,9:35:59,1000,66598,0,0,9:35:59,105,66520,0,0,9:35:59,855,66502,0,0
575,1397/7/23 9:36:01,3016,68212,164796,66704,69720,70,9:35:59,54833,66598,0,0,9:35:59,1000,66598,0,0,9:35:59,105,66520,0,0,9:35:59,855,66502,0,0
576,1397/7/23 9:36:03,3016,68212,164916,66704,69720,70,9:36:03,54633,66598,0,0,9:35:59,1000,66598,0,0,9:35:59,105,66520,0,0,9:35:59,855,66502,0,0
577,1397/7/23 9:36:09,3016,68212,165916,66704,69720,70,9:36:03,54633,66598,0,0,9:35:59,1000,66598,0,0,9:35:59,105,66520,0,0,9:35:59,855,66502,0,0
578,1397/7/23 9:36:17,3016,68212,170446,66704,69720,70,9:36:17,54603,66598,0,0,9:35:59,1000,66598,0,0,9:35:59,105,66520,0,0,9:35:59,855,66502,0,0
579,1397/7/23 9:36:18,3016,68212,424929,66704,69720,70,9:36:18,120,66598,0,0,9:35:59,1000,66598,0,0,9:35:59,105,66520,0,0,9:35:59,855,66502,0,0
580,1397/7/23 9:36:20,3016,68212,425929,66704,69720,70,9:36:18,120,66598,0,0,9:35:59,1000,66598,0,0,9:35:59,105,66520,0,0,9:35:59,855,66502,0,0
581,1397/7/23 9:36:25,3016,68212,406129,66704,69720,70,9:36:18,120,66598,0,0,9:35:59,1000,66598,0,0,9:35:59,105,66520,0,0,9:35:59,855,66502,0,0
582,1397/7/23 9:36:30,3016,68212,406429,66704,69720,70,9:36:18,120,66598,0,0,9:35:59,1000,66598,0,0,9:35:59,105,66520,0,0,9:35:59,855,66502,0,0
583,1397/7/23 9:36:31,3016,68212,416129,66704,69720,70,9:36:18,120,66598,0,0,9:35:59,1000,66598,0,0,9:35:59,105,66520,0,0,9:35:59,855,66502,0,0
584,1397/7/23 9:36:33,3016,68212,416249,66704,69720,70,9:36:33,1000,66521,0,0,9:36:33,105,66521,0,0,9:36:33,855,66502,0,0,9:36:33,500,66461,0,0
585,1397/7/23 9:36:39,3016,68212,416949,66704,69720,70,9:36:33,1000,66521,0,0,9:36:33,105,66521,0,0,9:36:33,855,66502,0,0,9:36:33,500,66461,0,0
586,1397/7/23 9:36:44,3016,68212,417949,66704,69720,70,9:36:33,1000,66521,0,0,9:36:33,105,66521,0,0,9:36:33,855,66502,0,0,9:36:33,500,66461,0,0
587,1397/7/23 9:36:44,3016,68212,417949,66704,69720,70,9:36:33,1000,66521,0,0,9:36:33,105,66521,0,0,9:36:33,855,66502,0,0,9:36:49,28,66500,0,0
588,1397/7/23 9:36:50,3016,68212,417999,66704,69720,70,9:36:33,1000,66521,0,0,9:36:33,105,66521,0,0,9:36:33,855,66502,0,0,9:36:49,28,66500,0,0
589,1397/7/23 9:37:27,3016,68212,418499,66704,69720,70,9:36:33,1000,66521,0,0,9:36:33,105,66521,0,0,9:36:33,855,66502,0,0,9:36:49,28,66500,0,0
590,1397/7/23 9:37:40,3016,68212,417239,66704,69720,70,9:36:33,1000,66521,0,0,9:36:33,105,66521,0,0,9:36:33,855,66502,0,0,9:36:49,28,66500,0,0
591,1397/7/23 9:37:46,3016,68212,406239,66704,69720,70,9:36:33,1000,66521,0,0,9:36:33,105,66521,0,0,9:36:33,855,66502,0,0,9:36:49,28,66500,0,0
592,1397/7/23 9:37:52,3016,68212,408224,66704,69720,70,9:36:33,1000,66521,0,0,9:36:33,105,66521,0,0,9:36:33,855,66502,0,0,9:36:49,28,66500,0,0
593,1397/7/23 9:37:53,3016,68212,408304,66704,69720,70,9:36:33,1000,66521,0,0,9:36:33,105,66521,0,0,9:36:33,855,66502,0,0,9:36:49,28,66500,0,0
594,1397/7/23 9:38:18,3016,68212,408404,66704,69720,70,9:36:33,1000,66521,0,0,9:36:33,105,66521,0,0,9:36:33,855,66502,0,0,9:36:49,28,66500,0,0
595,1397/7/23 9:38:18,3016,68212,408404,66704,69720,70,9:36:33,1000,66521,0,0,9:36:33,105,66521,0,0,9:36:33,855,66502,0,0,9:38:22,328,66500,0,0
596,1397/7/23 9:38:23,3016,68212,403404,66704,69720,70,9:36:33,1000,66521,0,0,9:36:33,105,66521,0,0,9:36:33,855,66502,0,0,9:38:22,328,66500,0,0
597,1397/7/23 9:38:27,3016,68212,403734,66704,69720,70,9:36:33,1000,66521,0,0,9:36:33,105,66521,0,0,9:36:33,855,66502,0,0,9:38:22,328,66500,0,0
598,1397/7/23 9:38:32,3016,68212,404032,66704,69720,70,9:36:33,1000,66521,0,0,9:36:33,105,66521,0,0,9:36:33,855,66502,0,0,9:38:22,328,66500,0,0
599,1397/7/23 9:38:34,3016,68212,409032,66704,69720,70,9:38:34,105,66520,0,0,9:38:34,855,66520,0,0,9:38:34,328,66500,0,0,9:38:34,2200,66450,0,0
600,1397/7/23 9:38:36,3016,68212,409332,66704,69720,70,9:38:34,105,66520,0,0,9:38:34,855,66520,0,0,9:38:34,328,66500,0,0,9:38:34,2200,66450,0,0
601,1397/7/23 9:38:38,3016,68212,411869,66704,69720,70,9:38:34,105,66520,0,0,9:38:34,855,66520,0,0,9:38:34,328,66500,0,0,9:38:34,2200,66450,0,0
602,1397/7/23 9:38:43,3016,68212,291869,66704,69720,70,9:38:34,105,66520,0,0,9:38:34,855,66520,0,0,9:38:34,328,66500,0,0,9:38:34,2200,66450,0,0
603,1397/7/23 9:38:49,3016,68212,291870,66704,69720,70,9:38:34,105,66520,0,0,9:38:34,855,66520,0,0,9:38:34,328,66500,0,0,9:38:34,2200,66450,0,0
604,1397/7/23 9:38:51,3016,68212,297870,66704,69720,70,9:38:34,105,66520,0,0,9:38:34,855,66520,0,0,9:38:34,328,66500,0,0,9:38:34,2200,66450,0,0
605,1397/7/23 9:38:52,3016,68212,300870,66704,69720,70,9:38:34,105,66520,0,0,9:38:34,855,66520,0,0,9:38:34,328,66500,0,0,9:38:34,2200,66450,0,0
606,1397/7/23 9:39:02,3016,68212,296870,66704,69720,70,9:38:34,105,66520,0,0,9:38:34,855,66520,0,0,9:38:34,328,66500,0,0,9:38:34,2200,66450,0,0
