,time1,Spread,Mid-price,volume_buy1,price_buy1,price_sell1,volume_sell1,time2,volume_buy2,price_buy2,price_sell2,volume_sell2,time3,volume_buy3,price_buy3,price_sell3,volume_sell3,time4,volume_buy4,price_buy4,price_sell4,volume_sell4,time5,volume_buy5,price_buy5,price_sell5,volume_sell5
0,1397/7/18 6:01:22,1621,61830,20,61020,62641,750,6:01:22,50,60205,63093,30,6:01:22,60,60205,66300,494,6:01:22,252,59243,66408,161,6:01:22,52,58225,69720,125
1,1397/7/18 8:30:03,0,65148,100000,65148,65148,780,8:30:03,20,61020,66300,494,8:30:03,50,61020,66408,161,8:30:03,60,60190,69720,125,8:30:03,252,59243,0,0
2,1397/7/18 8:30:04,0,65148,130000,65148,65148,780,8:30:03,20,61020,66300,494,8:30:03,50,61020,66408,161,8:30:03,60,60190,69720,125,8:30:03,252,59243,0,0
3,1397/7/18 8:30:06,0,65148,161000,65148,65148,780,8:30:03,20,61020,66300,494,8:30:03,50,61020,66408,161,8:30:03,60,60190,69720,125,8:30:03,252,59243,0,0
4,1397/7/18 8:30:07,0,65148,391157,65148,65148,780,8:30:03,20,61020,66300,494,8:30:03,50,61020,66408,161,8:30:03,60,60190,69720,125,8:30:03,252,59243,0,0
5,1397/7/18 8:30:08,0,65148,521157,65148,65148,780,8:30:03,20,61020,66300,494,8:30:03,50,61020,66408,161,8:30:03,60,60190,69720,125,8:30:03,252,59243,0,0
6,1397/7/18 8:30:09,0,65148,551157,65148,65148,780,8:30:03,20,61020,66300,494,8:30:03,50,61020,66408,161,8:30:03,60,60190,69720,125,8:30:03,252,59243,0,0
7,1397/7/18 8:30:10,0,65148,651157,65148,65148,780,8:30:03,20,61020,66300,494,8:30:03,50,61020,66408,161,8:30:03,60,60190,69720,125,8:30:03,252,59243,0,0
8,1397/7/18 8:30:11,0,65148,851157,65148,65148,780,8:30:03,20,61020,66300,494,8:30:03,50,61020,66408,161,8:30:03,60,60190,69720,125,8:30:03,252,59243,0,0
9,1397/7/18 8:30:12,0,65148,852157,65148,65148,780,8:30:03,20,61020,66300,494,8:30:03,50,61020,66408,161,8:30:03,60,60190,69720,125,8:30:03,252,59243,0,0
10,1397/7/18 8:30:13,0,65148,852614,65148,65148,780,8:30:03,20,61020,66300,494,8:30:03,50,61020,66408,161,8:30:03,60,60190,69720,125,8:30:03,252,59243,0,0
11,1397/7/18 8:30:14,0,65148,853378,65148,65148,780,8:30:03,20,61020,66300,494,8:30:03,50,61020,66408,161,8:30:03,60,60190,69720,125,8:30:03,252,59243,0,0
12,1397/7/18 8:30:16,0,65148,853378,65148,65148,5780,8:30:03,20,61020,66300,494,8:30:03,50,61020,66408,161,8:30:03,60,60190,69720,125,8:30:03,252,59243,0,0
13,1397/7/18 8:30:17,0,65148,853378,65148,65148,6126,8:30:17,400,63400,66300,494,8:30:17,20,63400,66408,161,8:30:17,50,60205,69720,125,8:30:17,60,60190,0,0
14,1397/7/18 8:30:19,0,65148,853378,65148,65148,11126,8:30:17,400,63400,66300,494,8:30:17,20,63400,66408,161,8:30:17,50,60205,69720,125,8:30:17,60,60190,0,0
15,1397/7/18 8:30:26,0,65148,854078,65148,65148,11126,8:30:17,400,63400,66300,494,8:30:17,20,63400,66408,161,8:30:17,50,60205,69720,125,8:30:17,60,60190,0,0
16,1397/7/18 8:30:27,0,65148,853921,65148,65148,11126,8:30:17,400,63400,66300,494,8:30:17,20,63400,66408,161,8:30:17,50,60205,69720,125,8:30:17,60,60190,0,0
17,1397/7/18 8:30:32,0,65148,853921,65148,65148,13267,8:30:17,400,63400,66300,494,8:30:17,20,63400,66408,161,8:30:17,50,60205,69720,125,8:30:17,60,60190,0,0
18,1397/7/18 8:30:41,0,65148,855446,65148,65148,13267,8:30:17,400,63400,66300,494,8:30:17,20,63400,66408,161,8:30:17,50,60205,69720,125,8:30:17,60,60190,0,0
19,1397/7/18 8:30:42,0,65148,825446,65148,65148,13267,8:30:17,400,63400,66300,494,8:30:17,20,63400,66408,161,8:30:17,50,60205,69720,125,8:30:17,60,60190,0,0
20,1397/7/18 8:30:43,0,65148,825522,65148,65148,13267,8:30:17,400,63400,66300,494,8:30:17,20,63400,66408,161,8:30:17,50,60205,69720,125,8:30:17,60,60190,0,0
21,1397/7/18 8:30:45,0,65148,795522,65148,65148,13267,8:30:17,400,63400,66300,494,8:30:17,20,63400,66408,161,8:30:17,50,60205,69720,125,8:30:17,60,60190,0,0
22,1397/7/18 8:30:48,0,65148,795522,65148,65148,15432,8:30:17,400,63400,66300,494,8:30:17,20,63400,66408,161,8:30:17,50,60205,69720,125,8:30:17,60,60190,0,0
23,1397/7/18 8:30:51,0,65148,765522,65148,65148,15432,8:30:17,400,63400,66300,494,8:30:17,20,63400,66408,161,8:30:17,50,60205,69720,125,8:30:17,60,60190,0,0
24,1397/7/18 8:30:54,0,65148,736522,65148,65148,15432,8:30:17,400,63400,66300,494,8:30:17,20,63400,66408,161,8:30:17,50,60205,69720,125,8:30:17,60,60190,0,0
25,1397/7/18 8:30:55,0,65148,736522,65148,65148,25432,8:30:17,400,63400,66300,494,8:30:17,20,63400,66408,161,8:30:17,50,60205,69720,125,8:30:17,60,60190,0,0
26,1397/7/18 8:30:59,0,65148,737522,65148,65148,25432,8:30:17,400,63400,66300,494,8:30:17,20,63400,66408,161,8:30:17,50,60205,69720,125,8:30:17,60,60190,0,0
27,1397/7/18 8:31:06,0,65148,737522,65148,65148,25632,8:30:17,400,63400,66300,494,8:30:17,20,63400,66408,161,8:30:17,50,60205,69720,125,8:30:17,60,60190,0,0
28,1397/7/18 8:31:09,0,65148,737827,65148,65148,25632,8:30:17,400,63400,66300,494,8:30:17,20,63400,66408,161,8:30:17,50,60205,69720,125,8:30:17,60,60190,0,0
29,1397/7/18 8:31:11,0,65148,737827,65148,65148,26827,8:30:17,400,63400,66300,494,8:30:17,20,63400,66408,161,8:30:17,50,60205,69720,125,8:30:17,60,60190,0,0
30,1397/7/18 8:31:11,0,65148,737827,65148,65148,26827,8:31:19,20,61020,66300,494,8:31:19,50,61020,66408,161,8:31:19,60,60190,69720,125,8:31:19,167,60000,0,0
31,1397/7/18 8:31:32,0,65148,738227,65148,65148,26827,8:31:19,20,61020,66300,494,8:31:19,50,61020,66408,161,8:31:19,60,60190,69720,125,8:31:19,167,60000,0,0
32,1397/7/18 8:31:33,0,65148,739227,65148,65148,26827,8:31:19,20,61020,66300,494,8:31:19,50,61020,66408,161,8:31:19,60,60190,69720,125,8:31:19,167,60000,0,0
33,1397/7/18 8:31:35,0,65148,739288,65148,65148,26827,8:31:19,20,61020,66300,494,8:31:19,50,61020,66408,161,8:31:19,60,60190,69720,125,8:31:19,167,60000,0,0
34,1397/7/18 8:31:35,0,65148,739288,65148,65148,26827,8:31:38,400,62000,66300,494,8:31:38,20,62000,66408,161,8:31:38,50,60205,69720,125,8:31:38,60,60190,0,0
35,1397/7/18 8:31:43,0,65148,739288,65148,65148,35000,8:31:38,400,62000,66300,494,8:31:38,20,62000,66408,161,8:31:38,50,60205,69720,125,8:31:38,60,60190,0,0
36,1397/7/18 8:31:47,0,65148,739288,65148,65148,35192,8:31:38,400,62000,66300,494,8:31:38,20,62000,66408,161,8:31:38,50,60205,69720,125,8:31:38,60,60190,0,0
37,1397/7/18 8:31:53,0,65148,739288,65148,65148,70192,8:31:38,400,62000,66300,494,8:31:38,20,62000,66408,161,8:31:38,50,60205,69720,125,8:31:38,60,60190,0,0
38,1397/7/18 8:32:08,0,65148,739288,65148,65148,105192,8:31:38,400,62000,66300,494,8:31:38,20,62000,66408,161,8:31:38,50,60205,69720,125,8:31:38,60,60190,0,0
39,1397/7/18 8:32:10,0,65148,739288,65148,65148,106792,8:31:38,400,62000,66300,494,8:31:38,20,62000,66408,161,8:31:38,50,60205,69720,125,8:31:38,60,60190,0,0
40,1397/7/18 8:32:10,0,65148,739288,65148,65148,106792,8:32:11,523,62000,66300,494,8:31:38,20,62000,66408,161,8:31:38,50,60205,69720,125,8:31:38,60,60190,0,0
41,1397/7/18 8:32:12,0,65148,740813,65148,65148,106792,8:32:11,523,62000,66300,494,8:31:38,20,62000,66408,161,8:31:38,50,60205,69720,125,8:31:38,60,60190,0,0
42,1397/7/18 8:32:22,0,65148,742338,65148,65148,106792,8:32:11,523,62000,66300,494,8:31:38,20,62000,66408,161,8:31:38,50,60205,69720,125,8:31:38,60,60190,0,0
43,1397/7/18 8:32:28,0,65148,742338,65148,65148,116792,8:32:11,523,62000,66300,494,8:31:38,20,62000,66408,161,8:31:38,50,60205,69720,125,8:31:38,60,60190,0,0
44,1397/7/18 8:32:35,0,65148,743518,65148,65148,116792,8:32:11,523,62000,66300,494,8:31:38,20,62000,66408,161,8:31:38,50,60205,69720,125,8:31:38,60,60190,0,0
45,1397/7/18 8:32:38,0,65148,743518,65148,65148,117915,8:32:11,523,62000,66300,494,8:31:38,20,62000,66408,161,8:31:38,50,60205,69720,125,8:31:38,60,60190,0,0
46,1397/7/18 8:32:40,0,65148,743746,65148,65148,117915,8:32:11,523,62000,66300,494,8:31:38,20,62000,66408,161,8:31:38,50,60205,69720,125,8:31:38,60,60190,0,0
47,1397/7/18 8:32:42,0,65148,743746,65148,65148,122007,8:32:11,523,62000,66300,494,8:31:38,20,62000,66408,161,8:31:38,50,60205,69720,125,8:31:38,60,60190,0,0
48,1397/7/18 8:32:51,0,65148,744746,65148,65148,122007,8:32:11,523,62000,66300,494,8:31:38,20,62000,66408,161,8:31:38,50,60205,69720,125,8:31:38,60,60190,0,0
49,1397/7/18 8:33:00,0,65148,744746,65148,65148,122418,8:32:11,523,62000,66300,494,8:31:38,20,62000,66408,161,8:31:38,50,60205,69720,125,8:31:38,60,60190,0,0
50,1397/7/18 8:33:23,0,65148,744898,65148,65148,122418,8:32:11,523,62000,66300,494,8:31:38,20,62000,66408,161,8:31:38,50,60205,69720,125,8:31:38,60,60190,0,0
51,1397/7/18 8:33:23,0,65148,744898,65148,65148,122418,8:33:32,30,62800,66300,494,8:33:32,523,62800,66408,161,8:33:32,20,61020,69720,125,8:33:32,50,60205,0,0
52,1397/7/18 8:33:34,0,65148,744898,65148,65148,123118,8:33:32,30,62800,66300,494,8:33:32,523,62800,66408,161,8:33:32,20,61020,69720,125,8:33:32,50,60205,0,0
53,1397/7/18 8:33:34,0,65148,744898,65148,65148,123118,8:33:32,30,62800,66300,494,8:33:40,20,62800,66408,161,8:33:40,523,62000,69720,125,8:33:40,20,61020,0,0
54,1397/7/18 8:33:34,0,65148,744898,65148,65148,123118,8:33:32,30,62800,66300,494,8:33:46,319,62800,66408,161,8:33:46,20,62200,69720,125,8:33:46,523,62000,0,0
55,1397/7/18 8:33:48,0,65148,44898,65148,65148,123118,8:33:32,30,62800,66300,494,8:33:46,319,62800,66408,161,8:33:46,20,62200,69720,125,8:33:46,523,62000,0,0
56,1397/7/18 8:33:58,0,65148,44898,65148,65148,123868,8:33:32,30,62800,66300,494,8:33:46,319,62800,66408,161,8:33:46,20,62200,69720,125,8:33:46,523,62000,0,0
57,1397/7/18 8:34:17,0,65148,44898,65148,65148,123676,8:33:32,30,62800,66300,494,8:33:46,319,62800,66408,161,8:33:46,20,62200,69720,125,8:33:46,523,62000,0,0
58,1397/7/18 8:34:40,0,65148,44898,65148,65148,126376,8:33:32,30,62800,66300,494,8:33:46,319,62800,66408,161,8:33:46,20,62200,69720,125,8:33:46,523,62000,0,0
59,1397/7/18 8:34:43,0,65148,44898,65148,65148,126461,8:33:32,30,62800,66300,494,8:33:46,319,62800,66408,161,8:33:46,20,62200,69720,125,8:33:46,523,62000,0,0
60,1397/7/18 8:34:53,0,65148,43898,65148,65148,126461,8:33:32,30,62800,66300,494,8:33:46,319,62800,66408,161,8:33:46,20,62200,69720,125,8:33:46,523,62000,0,0
61,1397/7/18 8:34:54,0,65148,53898,65148,65148,126461,8:33:32,30,62800,66300,494,8:33:46,319,62800,66408,161,8:33:46,20,62200,69720,125,8:33:46,523,62000,0,0
62,1397/7/18 8:35:02,0,65148,55898,65148,65148,126461,8:33:32,30,62800,66300,494,8:33:46,319,62800,66408,161,8:33:46,20,62200,69720,125,8:35:02,563,62000,0,0
63,1397/7/18 8:35:06,0,65148,55898,65148,65148,133478,8:33:32,30,62800,66300,494,8:33:46,319,62800,66408,161,8:33:46,20,62200,69720,125,8:35:02,563,62000,0,0
64,1397/7/18 8:35:06,0,65148,55898,65148,65148,133478,8:35:09,5030,62800,66300,494,8:33:46,319,62800,66408,161,8:33:46,20,62200,69720,125,8:35:02,563,62000,0,0
65,1397/7/18 8:35:33,0,65148,55898,65148,65148,133652,8:35:09,5030,62800,66300,494,8:33:46,319,62800,66408,161,8:33:46,20,62200,69720,125,8:35:02,563,62000,0,0
66,1397/7/18 8:35:38,0,65148,55898,65148,65148,134670,8:35:09,5030,62800,66300,494,8:33:46,319,62800,66408,161,8:33:46,20,62200,69720,125,8:35:02,563,62000,0,0
67,1397/7/18 8:35:45,0,65148,56035,65148,65148,134670,8:35:09,5030,62800,66300,494,8:33:46,319,62800,66408,161,8:33:46,20,62200,69720,125,8:35:02,563,62000,0,0
68,1397/7/18 8:36:08,0,65148,56035,65148,65148,134675,8:35:09,5030,62800,66300,494,8:33:46,319,62800,66408,161,8:33:46,20,62200,69720,125,8:35:02,563,62000,0,0
69,1397/7/18 8:36:12,0,65148,56935,65148,65148,134675,8:35:09,5030,62800,66300,494,8:33:46,319,62800,66408,161,8:33:46,20,62200,69720,125,8:35:02,563,62000,0,0
70,1397/7/18 8:36:12,0,65148,56935,65148,65148,134675,8:36:13,5530,62800,66300,494,8:33:46,319,62800,66408,161,8:33:46,20,62200,69720,125,8:35:02,563,62000,0,0
71,1397/7/18 8:36:12,0,65148,56935,65148,65148,134675,8:36:13,5530,62800,66300,494,8:33:46,319,62800,66408,161,8:36:15,1600,62205,69720,125,8:36:15,20,62200,0,0
72,1397/7/18 8:36:30,0,65148,57135,65148,65148,134675,8:36:13,5530,62800,66300,494,8:33:46,319,62800,66408,161,8:36:15,1600,62205,69720,125,8:36:15,20,62200,0,0
73,1397/7/18 8:36:32,0,65148,57135,65148,65148,135578,8:36:13,5530,62800,66300,494,8:33:46,319,62800,66408,161,8:36:15,1600,62205,69720,125,8:36:15,20,62200,0,0
74,1397/7/18 8:36:32,0,65148,57135,65148,65148,135578,8:36:13,5530,62800,66300,494,8:36:44,477,62800,66408,161,8:36:44,319,62246,69720,125,8:36:44,1600,62205,0,0
75,1397/7/18 8:36:56,0,65148,57135,65148,65148,136578,8:36:13,5530,62800,66300,494,8:36:44,477,62800,66408,161,8:36:44,319,62246,69720,125,8:36:44,1600,62205,0,0
76,1397/7/18 8:37:06,0,65148,63538,65148,65148,136578,8:36:13,5530,62800,66300,494,8:36:44,477,62800,66408,161,8:36:44,319,62246,69720,125,8:36:44,1600,62205,0,0
77,1397/7/18 8:37:08,0,65148,63538,65148,65148,136648,8:36:13,5530,62800,66300,494,8:36:44,477,62800,66408,161,8:36:44,319,62246,69720,125,8:36:44,1600,62205,0,0
78,1397/7/18 8:37:12,0,65148,57135,65148,65148,136648,8:36:13,5530,62800,66300,494,8:36:44,477,62800,66408,161,8:36:44,319,62246,69720,125,8:36:44,1600,62205,0,0
79,1397/7/18 8:37:23,0,65148,57135,65148,65148,143051,8:36:13,5530,62800,66300,494,8:36:44,477,62800,66408,161,8:36:44,319,62246,69720,125,8:36:44,1600,62205,0,0
80,1397/7/18 8:37:27,0,65148,56935,65148,65148,143051,8:36:13,5530,62800,66300,494,8:36:44,477,62800,66408,161,8:36:44,319,62246,69720,125,8:36:44,1600,62205,0,0
81,1397/7/18 8:37:32,0,65148,57270,65148,65148,143051,8:36:13,5530,62800,66300,494,8:36:44,477,62800,66408,161,8:36:44,319,62246,69720,125,8:36:44,1600,62205,0,0
82,1397/7/18 8:37:59,0,65148,57270,65148,65148,145551,8:36:13,5530,62800,66300,494,8:36:44,477,62800,66408,161,8:36:44,319,62246,69720,125,8:36:44,1600,62205,0,0
83,1397/7/18 8:38:01,0,65148,57270,65148,65148,145721,8:36:13,5530,62800,66300,494,8:36:44,477,62800,66408,161,8:36:44,319,62246,69720,125,8:36:44,1600,62205,0,0
84,1397/7/18 8:38:05,0,65148,58034,65148,65148,145721,8:36:13,5530,62800,66300,494,8:36:44,477,62800,66408,161,8:36:44,319,62246,69720,125,8:36:44,1600,62205,0,0
85,1397/7/18 8:38:07,0,65148,58100,65148,65148,145721,8:36:13,5530,62800,66300,494,8:36:44,477,62800,66408,161,8:36:44,319,62246,69720,125,8:36:44,1600,62205,0,0
86,1397/7/18 8:38:11,0,65148,58024,65148,65148,145721,8:36:13,5530,62800,66300,494,8:36:44,477,62800,66408,161,8:36:44,319,62246,69720,125,8:36:44,1600,62205,0,0
87,1397/7/18 8:38:12,0,65148,58024,65148,65148,146721,8:36:13,5530,62800,66300,494,8:36:44,477,62800,66408,161,8:36:44,319,62246,69720,125,8:36:44,1600,62205,0,0
88,1397/7/18 8:38:17,0,65148,58024,65148,65148,147221,8:36:13,5530,62800,66300,494,8:36:44,477,62800,66408,161,8:36:44,319,62246,69720,125,8:36:44,1600,62205,0,0
89,1397/7/18 8:38:35,0,65148,58024,65148,65148,148221,8:36:13,5530,62800,66300,494,8:36:44,477,62800,66408,161,8:36:44,319,62246,69720,125,8:36:44,1600,62205,0,0
90,1397/7/18 8:38:39,0,65148,58024,65148,65148,149221,8:36:13,5530,62800,66300,494,8:36:44,477,62800,66408,161,8:36:44,319,62246,69720,125,8:36:44,1600,62205,0,0
91,1397/7/18 8:38:39,0,65148,58024,65148,65148,149221,8:36:13,5530,62800,66300,494,8:36:44,477,62800,66408,161,8:38:52,318,62600,69720,125,8:38:52,319,62246,0,0
92,1397/7/18 8:38:54,0,65148,58024,65148,65148,149971,8:36:13,5530,62800,66300,494,8:36:44,477,62800,66408,161,8:38:52,318,62600,69720,125,8:38:52,319,62246,0,0
93,1397/7/18 8:38:58,0,65148,28024,65148,65148,149971,8:36:13,5530,62800,66300,494,8:36:44,477,62800,66408,161,8:38:52,318,62600,69720,125,8:38:52,319,62246,0,0
94,1397/7/18 8:39:09,0,65148,28024,65148,65148,156971,8:36:13,5530,62800,66300,494,8:36:44,477,62800,66408,161,8:38:52,318,62600,69720,125,8:38:52,319,62246,0,0
95,1397/7/18 8:39:14,0,65148,28100,65148,65148,156971,8:36:13,5530,62800,66300,494,8:36:44,477,62800,66408,161,8:38:52,318,62600,69720,125,8:38:52,319,62246,0,0
96,1397/7/18 8:39:26,0,65148,28100,65148,65148,158971,8:36:13,5530,62800,66300,494,8:36:44,477,62800,66408,161,8:38:52,318,62600,69720,125,8:38:52,319,62246,0,0
97,1397/7/18 8:39:41,0,65148,28100,65148,65148,159132,8:36:13,5530,62800,66300,494,8:39:41,477,62800,69720,125,8:39:41,318,62600,0,0,8:38:52,319,62246,0,0
98,1397/7/18 8:39:43,0,65148,28100,65148,65148,164132,8:36:13,5530,62800,66300,494,8:39:41,477,62800,69720,125,8:39:41,318,62600,0,0,8:38:52,319,62246,0,0
99,1397/7/18 8:39:44,0,65148,27100,65148,65148,164132,8:36:13,5530,62800,66300,494,8:39:41,477,62800,69720,125,8:39:41,318,62600,0,0,8:38:52,319,62246,0,0
100,1397/7/18 8:39:53,0,65148,27100,65148,65148,164632,8:36:13,5530,62800,66300,494,8:39:41,477,62800,69720,125,8:39:41,318,62600,0,0,8:38:52,319,62246,0,0
101,1397/7/18 8:39:53,0,65148,27100,65148,65148,164632,8:36:13,5530,62800,66300,494,8:39:41,477,62800,69720,125,8:39:41,318,62600,0,0,8:39:57,1400,62300,0,0
102,1397/7/18 8:40:00,0,65148,27100,65148,65148,164782,8:36:13,5530,62800,66300,494,8:39:41,477,62800,69720,125,8:39:41,318,62600,0,0,8:39:57,1400,62300,0,0
103,1397/7/18 8:40:05,0,65148,25575,65148,65148,164782,8:36:13,5530,62800,66300,494,8:39:41,477,62800,69720,125,8:39:41,318,62600,0,0,8:39:57,1400,62300,0,0
104,1397/7/18 8:40:08,0,65148,25575,65148,65148,164832,8:36:13,5530,62800,66300,494,8:39:41,477,62800,69720,125,8:39:41,318,62600,0,0,8:39:57,1400,62300,0,0
105,1397/7/18 8:40:10,0,65148,25575,65148,65148,164917,8:36:13,5530,62800,66300,494,8:39:41,477,62800,69720,125,8:39:41,318,62600,0,0,8:39:57,1400,62300,0,0
106,1397/7/18 8:40:13,0,65148,26002,65148,65148,164967,8:36:13,5530,62800,66300,494,8:39:41,477,62800,69720,125,8:39:41,318,62600,0,0,8:39:57,1400,62300,0,0
107,1397/7/18 8:40:15,0,65148,26002,65148,65148,174967,8:36:13,5530,62800,66300,494,8:39:41,477,62800,69720,125,8:39:41,318,62600,0,0,8:39:57,1400,62300,0,0
108,1397/7/18 8:40:19,0,65148,26002,65148,65148,175159,8:36:13,5530,62800,66300,494,8:39:41,477,62800,69720,125,8:39:41,318,62600,0,0,8:39:57,1400,62300,0,0
109,1397/7/18 8:40:34,0,65148,26002,65148,65148,175459,8:36:13,5530,62800,66300,494,8:39:41,477,62800,69720,125,8:39:41,318,62600,0,0,8:39:57,1400,62300,0,0
110,1397/7/18 8:40:43,0,65148,26202,65148,65148,175459,8:36:13,5530,62800,66300,494,8:39:41,477,62800,69720,125,8:39:41,318,62600,0,0,8:39:57,1400,62300,0,0
111,1397/7/18 8:41:05,0,65148,24677,65148,65148,175459,8:36:13,5530,62800,66300,494,8:39:41,477,62800,69720,125,8:39:41,318,62600,0,0,8:39:57,1400,62300,0,0
112,1397/7/18 8:41:24,0,65148,24677,65148,65148,179959,8:36:13,5530,62800,66300,494,8:39:41,477,62800,69720,125,8:39:41,318,62600,0,0,8:39:57,1400,62300,0,0
113,1397/7/18 8:41:41,0,65148,24677,65148,65148,181348,8:36:13,5530,62800,66300,494,8:39:41,477,62800,69720,125,8:39:41,318,62600,0,0,8:39:57,1400,62300,0,0
114,1397/7/18 8:41:46,0,65148,24677,65148,65148,182348,8:36:13,5530,62800,66300,494,8:39:41,477,62800,69720,125,8:39:41,318,62600,0,0,8:39:57,1400,62300,0,0
115,1397/7/18 8:41:54,0,65148,24677,65148,65148,182448,8:36:13,5530,62800,66300,494,8:39:41,477,62800,69720,125,8:39:41,318,62600,0,0,8:39:57,1400,62300,0,0
116,1397/7/18 8:42:00,0,65148,24525,65148,65148,182748,8:36:13,5530,62800,66300,494,8:39:41,477,62800,69720,125,8:39:41,318,62600,0,0,8:39:57,1400,62300,0,0
117,1397/7/18 8:42:18,0,65148,24725,65148,65148,182748,8:36:13,5530,62800,66300,494,8:39:41,477,62800,69720,125,8:39:41,318,62600,0,0,8:39:57,1400,62300,0,0
118,1397/7/18 8:42:27,0,65148,30025,65148,65148,182748,8:36:13,5530,62800,66300,494,8:39:41,477,62800,69720,125,8:39:41,318,62600,0,0,8:39:57,1400,62300,0,0
119,1397/7/18 8:42:38,0,65148,30025,65148,65148,183248,8:36:13,5530,62800,66300,494,8:39:41,477,62800,69720,125,8:39:41,318,62600,0,0,8:39:57,1400,62300,0,0
120,1397/7/18 8:42:44,0,65148,30025,65148,65148,183748,8:36:13,5530,62800,66300,494,8:39:41,477,62800,69720,125,8:39:41,318,62600,0,0,8:39:57,1400,62300,0,0
121,1397/7/18 8:42:51,0,65148,29025,65148,65148,183748,8:36:13,5530,62800,66300,494,8:39:41,477,62800,69720,125,8:39:41,318,62600,0,0,8:39:57,1400,62300,0,0
122,1397/7/18 8:42:51,0,65148,29025,65148,65148,183748,8:36:13,5530,62800,66300,494,8:39:41,477,62800,69720,125,8:39:41,318,62600,0,0,8:42:55,1480,62300,0,0
123,1397/7/18 8:42:56,0,65148,29025,65148,65148,183834,8:36:13,5530,62800,66300,494,8:39:41,477,62800,69720,125,8:39:41,318,62600,0,0,8:42:55,1480,62300,0,0
124,1397/7/18 8:43:03,0,65148,29025,65148,65148,184219,8:36:13,5530,62800,66300,494,8:39:41,477,62800,69720,125,8:39:41,318,62600,0,0,8:42:55,1480,62300,0,0
125,1397/7/18 8:43:03,0,65148,29025,65148,65148,184219,8:36:13,5530,62800,66300,494,8:39:41,477,62800,69720,125,8:39:41,318,62600,0,0,8:43:17,1490,62300,0,0
126,1397/7/18 8:43:59,0,65148,29025,65148,65148,184419,8:36:13,5530,62800,66300,494,8:39:41,477,62800,69720,125,8:39:41,318,62600,0,0,8:43:17,1490,62300,0,0
127,1397/7/18 8:44:12,0,65148,29025,65148,65148,185019,8:36:13,5530,62800,66300,494,8:39:41,477,62800,69720,125,8:39:41,318,62600,0,0,8:43:17,1490,62300,0,0
128,1397/7/18 8:44:16,0,65147,29025,65147,65147,36397,8:44:16,5530,62800,65148,168622,8:44:16,477,62800,66300,494,8:44:16,318,62600,69720,125,8:43:17,1490,62300,0,0
129,1397/7/18 8:44:16,0,65147,29025,65147,65147,36397,8:44:18,5530,62800,65148,170122,8:44:16,477,62800,66300,494,8:44:16,318,62600,69720,125,8:43:17,1490,62300,0,0
130,1397/7/18 8:44:33,0,65146,29025,65146,65146,36223,8:44:33,5530,62800,65147,174,8:44:33,477,62800,65148,170122,8:44:33,318,62600,66300,494,8:44:33,1490,62300,69720,125
131,1397/7/18 8:44:38,0,65146,30425,65146,65146,36223,8:44:33,5530,62800,65147,174,8:44:33,477,62800,65148,170122,8:44:33,318,62600,66300,494,8:44:33,1490,62300,69720,125
132,1397/7/18 8:44:43,0,65146,30425,65146,65146,36623,8:44:33,5530,62800,65147,174,8:44:33,477,62800,65148,170122,8:44:33,318,62600,66300,494,8:44:33,1490,62300,69720,125
133,1397/7/18 8:44:53,0,65146,30425,65146,65146,46623,8:44:33,5530,62800,65147,174,8:44:53,477,62800,65148,160122,8:44:33,318,62600,66300,494,8:44:33,1490,62300,69720,125
134,1397/7/18 8:44:57,0,65145,30425,65145,65145,36223,8:44:57,5530,62800,65146,10400,8:44:57,477,62800,65147,174,8:44:57,318,62600,65148,160122,8:44:57,1490,62300,66300,494
135,1397/7/18 8:44:58,0,65145,30425,65145,65145,36823,8:44:57,5530,62800,65146,10400,8:44:57,477,62800,65147,174,8:44:58,318,62600,65148,160180,8:44:57,1490,62300,66300,494
136,1397/7/18 8:44:58,0,65145,30425,65145,65145,36823,8:44:57,5530,62800,65146,10400,8:45:08,477,62800,65147,344,8:45:08,318,62600,65148,160010,8:44:57,1490,62300,66300,494
137,1397/7/18 8:45:12,0,65145,30425,65145,65145,47208,8:45:12,5530,62800,65146,400,8:45:08,477,62800,65147,344,8:45:12,318,62600,65148,159625,8:44:57,1490,62300,66300,494
138,1397/7/18 8:45:14,0,65145,30425,65145,65145,51708,8:45:12,5530,62800,65146,400,8:45:08,477,62800,65147,344,8:45:12,318,62600,65148,159625,8:44:57,1490,62300,66300,494
139,1397/7/18 8:45:14,0,65145,30425,65145,65145,51708,8:45:18,5530,62800,65146,750,8:45:08,477,62800,65147,344,8:45:12,318,62600,65148,159625,8:44:57,1490,62300,66300,494
140,1397/7/18 8:45:30,0,65145,30425,65145,65145,52366,8:45:18,5530,62800,65146,750,8:45:08,477,62800,65147,344,8:45:30,318,62600,65148,158967,8:44:57,1490,62300,66300,494
141,1397/7/18 8:45:40,0,65145,30425,65145,65145,51981,8:45:18,5530,62800,65146,750,8:45:08,477,62800,65147,344,8:45:30,318,62600,65148,158967,8:44:57,1490,62300,66300,494
142,1397/7/18 8:45:40,0,65145,30425,65145,65145,51981,8:45:18,5530,62800,65146,750,8:45:08,477,62800,65147,344,8:45:55,318,62600,65148,159031,8:44:57,1490,62300,66300,494
143,1397/7/18 8:45:40,0,65145,30425,65145,65145,51981,8:45:18,5530,62800,65146,750,8:45:08,477,62800,65147,344,8:45:58,318,62600,65148,194031,8:44:57,1490,62300,66300,494
144,1397/7/18 8:46:01,0,65140,30425,65140,65140,34864,8:46:01,5530,62800,65145,22117,8:46:01,477,62800,65146,750,8:46:01,318,62600,65147,344,8:46:01,1490,62300,65148,194031
145,1397/7/18 8:46:07,0,65130,30425,65130,65130,34206,8:46:07,5530,62800,65140,658,8:46:07,477,62800,65145,22117,8:46:07,318,62600,65146,750,8:46:07,1490,62300,65147,344
146,1397/7/18 8:46:20,0,65100,30425,65100,65100,34121,8:46:20,5530,62800,65130,85,8:46:20,477,62800,65140,658,8:46:20,318,62600,65145,22117,8:46:20,1490,62300,65146,750
147,1397/7/18 8:46:20,0,65100,30425,65100,65100,34121,8:46:24,5530,62800,65130,10085,8:46:20,477,62800,65140,658,8:46:24,318,62600,65145,12117,8:46:20,1490,62300,65146,750
148,1397/7/18 8:46:36,0,65000,30425,65000,65000,34121,8:46:24,5530,62800,65130,10085,8:46:20,477,62800,65140,658,8:46:24,318,62600,65145,12117,8:46:20,1490,62300,65146,750
149,1397/7/18 8:46:36,0,65000,30425,65000,65000,34121,8:46:38,5530,62800,65100,10000,8:46:38,477,62800,65130,85,8:46:38,318,62600,65140,658,8:46:38,1490,62300,65145,12117
150,1397/7/18 8:46:45,0,65145,30425,65145,65145,36981,8:46:45,5530,62800,65146,750,8:46:45,477,62800,65147,344,8:46:45,318,62600,65148,194507,8:46:45,1490,62300,66300,494
151,1397/7/18 8:46:45,0,65145,30425,65145,65145,36981,8:46:45,5530,62800,65146,750,8:46:45,477,62800,65147,344,8:47:02,318,62600,65148,195707,8:46:45,1490,62300,66300,494
152,1397/7/18 8:46:45,0,65145,30425,65145,65145,36981,8:47:03,5530,62800,65146,814,8:46:45,477,62800,65147,344,8:47:02,318,62600,65148,195707,8:46:45,1490,62300,66300,494
153,1397/7/18 8:46:45,0,65145,30425,65145,65145,36981,8:47:03,5530,62800,65146,814,8:46:45,477,62800,65147,344,8:47:08,318,62600,65148,175707,8:46:45,1490,62300,66300,494
154,1397/7/18 8:47:14,0,65145,30425,65145,65145,37081,8:47:03,5530,62800,65146,814,8:46:45,477,62800,65147,344,8:47:08,318,62600,65148,175707,8:46:45,1490,62300,66300,494
155,1397/7/18 8:47:19,0,65145,30425,65145,65145,39581,8:47:03,5530,62800,65146,814,8:46:45,477,62800,65147,344,8:47:08,318,62600,65148,175707,8:46:45,1490,62300,66300,494
156,1397/7/18 8:47:19,0,65145,30425,65145,65145,39581,8:47:24,5530,62800,65146,984,8:47:24,477,62800,65147,174,8:47:08,318,62600,65148,175707,8:46:45,1490,62300,66300,494
157,1397/7/18 8:47:19,0,65145,30425,65145,65145,39581,8:47:24,5530,62800,65146,984,8:47:24,477,62800,65147,174,8:47:28,318,62600,65148,180707,8:46:45,1490,62300,66300,494
158,1397/7/18 8:47:19,0,65145,30425,65145,65145,39581,8:47:24,5530,62800,65146,984,8:47:24,477,62800,65147,174,8:48:07,318,62600,65148,183407,8:46:45,1490,62300,66300,494
159,1397/7/18 8:47:19,0,65145,30425,65145,65145,39581,8:47:24,5530,62800,65146,984,8:47:24,477,62800,65147,174,8:48:20,318,62600,65148,183547,8:46:45,1490,62300,66300,494
160,1397/7/18 8:48:23,0,65145,30425,65145,65145,39751,8:48:23,5530,62800,65146,814,8:47:24,477,62800,65147,174,8:48:20,318,62600,65148,183547,8:46:45,1490,62300,66300,494
161,1397/7/18 8:48:37,0,65145,30425,65145,65145,40425,8:48:23,5530,62800,65146,814,8:47:24,477,62800,65147,174,8:48:20,318,62600,65148,183547,8:46:45,1490,62300,66300,494
162,1397/7/18 8:48:39,0,65145,30455,65145,65145,40425,8:48:23,5530,62800,65146,814,8:47:24,477,62800,65147,174,8:48:20,318,62600,65148,183547,8:46:45,1490,62300,66300,494
163,1397/7/18 8:48:40,0,65145,30455,65145,65145,41425,8:48:23,5530,62800,65146,814,8:47:24,477,62800,65147,174,8:48:40,318,62600,65148,182547,8:46:45,1490,62300,66300,494
164,1397/7/18 8:48:40,0,65145,30455,65145,65145,41425,8:48:23,5530,62800,65146,814,8:47:24,477,62800,65147,174,8:48:42,318,62600,65148,183705,8:46:45,1490,62300,66300,494
165,1397/7/18 8:48:57,0,65145,30528,65145,65145,41425,8:48:23,5530,62800,65146,814,8:47:24,477,62800,65147,174,8:48:42,318,62600,65148,183705,8:46:45,1490,62300,66300,494
166,1397/7/18 8:48:57,0,65145,30528,65145,65145,41425,8:48:23,5530,62800,65146,814,8:47:24,477,62800,65147,174,8:49:11,318,62600,65148,183205,8:46:45,1490,62300,66300,494
167,1397/7/18 8:48:57,0,65145,30528,65145,65145,41425,8:48:23,5530,62800,65146,814,8:47:24,477,62800,65147,174,8:49:14,318,62600,65148,182905,8:46:45,1490,62300,66300,494
168,1397/7/18 8:48:57,0,65145,30528,65145,65145,41425,8:48:23,5530,62800,65146,814,8:49:16,500,62800,65147,174,8:49:16,477,62641,65148,182905,8:49:16,318,62600,66300,494
169,1397/7/18 8:49:28,0,65145,30628,65145,65145,41425,8:48:23,5530,62800,65146,814,8:49:16,500,62800,65147,174,8:49:16,477,62641,65148,182905,8:49:16,318,62600,66300,494
170,1397/7/18 8:49:33,0,65100,25328,65100,65100,26621,8:49:33,5530,62800,65130,85,8:49:33,500,62800,65140,658,8:49:33,477,62641,65144,5500,8:49:33,318,62600,65145,8561
171,1397/7/18 8:49:33,0,65100,25328,65100,65100,26621,8:49:33,5530,62800,65130,85,8:49:33,500,62800,65140,658,8:49:49,477,62641,65144,4500,8:49:33,318,62600,65145,8561
172,1397/7/18 8:49:51,0,65100,25328,65100,65100,26967,8:49:33,5530,62800,65130,85,8:49:33,500,62800,65140,658,8:49:49,477,62641,65144,4500,8:49:33,318,62600,65145,8561
173,1397/7/18 8:49:51,0,65100,25328,65100,65100,26967,8:49:33,5530,62800,65130,85,8:49:33,500,62800,65140,658,8:49:49,477,62641,65144,4500,8:49:52,318,62600,65145,10061
174,1397/7/18 8:49:51,0,65100,25328,65100,65100,26967,8:50:02,5560,62800,65130,85,8:49:33,500,62800,65140,658,8:49:49,477,62641,65144,4500,8:49:52,318,62600,65145,10061
175,1397/7/18 8:50:29,0,65100,25228,65100,65100,26967,8:50:02,5560,62800,65130,85,8:49:33,500,62800,65140,658,8:49:49,477,62641,65144,4500,8:49:52,318,62600,65145,10061
176,1397/7/18 8:50:56,0,65100,25228,65100,65100,27641,8:50:02,5560,62800,65130,85,8:49:33,500,62800,65140,658,8:49:49,477,62641,65144,4500,8:50:56,318,62600,65145,9387
177,1397/7/18 8:50:56,0,65100,25228,65100,65100,27641,8:51:04,10333,62800,65130,85,8:49:33,500,62800,65140,658,8:49:49,477,62641,65144,4500,8:50:56,318,62600,65145,9387
178,1397/7/18 8:51:10,0,65100,25628,65100,65100,27641,8:51:04,10333,62800,65130,85,8:49:33,500,62800,65140,658,8:49:49,477,62641,65144,4500,8:50:56,318,62600,65145,9387
179,1397/7/18 8:51:11,0,65100,25628,65100,65100,32141,8:51:04,10333,62800,65130,85,8:49:33,500,62800,65140,658,8:51:11,477,62641,65145,9387,8:51:11,318,62600,65146,814
180,1397/7/18 8:51:17,0,65100,24448,65100,65100,32141,8:51:04,10333,62800,65130,85,8:49:33,500,62800,65140,658,8:51:11,477,62641,65145,9387,8:51:11,318,62600,65146,814
181,1397/7/18 8:51:17,0,65100,24448,65100,65100,32141,8:51:19,10333,62800,65125,200,8:51:19,500,62800,65130,85,8:51:19,477,62641,65140,658,8:51:19,318,62600,65145,9387
182,1397/7/18 8:51:22,0,65100,24448,65100,65100,27641,8:51:19,10333,62800,65125,200,8:51:19,500,62800,65130,85,8:51:19,477,62641,65140,658,8:51:19,318,62600,65145,9387
183,1397/7/18 8:51:34,0,65100,24448,65100,65100,28641,8:51:19,10333,62800,65125,200,8:51:19,500,62800,65130,85,8:51:19,477,62641,65140,658,8:51:19,318,62600,65145,9387
184,1397/7/18 8:51:34,0,65100,24448,65100,65100,28641,8:51:19,10333,62800,65125,200,8:51:19,500,62800,65130,85,8:51:19,477,62641,65140,658,8:51:48,318,62600,65144,4500
185,1397/7/18 8:51:53,0,65100,24448,65100,65100,30402,8:51:19,10333,62800,65125,200,8:51:19,500,62800,65130,85,8:51:19,477,62641,65140,658,8:51:48,318,62600,65144,4500
186,1397/7/18 8:52:10,0,65100,24387,65100,65100,30402,8:51:19,10333,62800,65125,200,8:51:19,500,62800,65130,85,8:51:19,477,62641,65140,658,8:51:48,318,62600,65144,4500
187,1397/7/18 8:52:10,0,65100,24387,65100,65100,30402,8:51:19,10333,62800,65125,200,8:51:19,500,62800,65130,85,8:52:11,477,62641,65140,758,8:51:48,318,62600,65144,4500
188,1397/7/18 8:52:10,0,65100,24387,65100,65100,30402,8:52:13,12031,62800,65125,200,8:51:19,500,62800,65130,85,8:52:11,477,62641,65140,758,8:51:48,318,62600,65144,4500
189,1397/7/18 8:52:10,0,65100,24387,65100,65100,30402,8:52:17,12531,62800,65125,200,8:51:19,500,62800,65130,85,8:52:11,477,62641,65140,758,8:51:48,318,62600,65144,4500
190,1397/7/18 8:52:10,0,65100,24387,65100,65100,30402,8:52:17,12531,62800,65125,200,8:51:19,500,62800,65130,85,8:52:26,477,62641,65140,658,8:51:48,318,62600,65144,4500
191,1397/7/18 8:52:10,0,65100,24387,65100,65100,30402,8:52:17,12531,62800,65125,200,8:51:19,500,62800,65130,85,8:52:31,477,62641,65135,100,8:52:31,318,62600,65140,658
192,1397/7/18 8:52:34,0,65100,24387,65100,65100,32549,8:52:17,12531,62800,65125,200,8:51:19,500,62800,65130,85,8:52:31,477,62641,65135,100,8:52:31,318,62600,65140,658
193,1397/7/18 8:53:07,0,65100,24387,65100,65100,32649,8:52:17,12531,62800,65125,200,8:51:19,500,62800,65130,85,8:53:07,477,62641,65140,658,8:53:07,318,62600,65144,4500
194,1397/7/18 8:53:25,0,65100,23687,65100,65100,32649,8:53:25,13231,62800,65125,200,8:51:19,500,62800,65130,85,8:53:07,477,62641,65140,658,8:53:07,318,62600,65144,4500
195,1397/7/18 8:53:48,0,65100,23687,65100,65100,32888,8:53:25,13231,62800,65125,200,8:51:19,500,62800,65130,85,8:53:07,477,62641,65140,658,8:53:07,318,62600,65144,4500
196,1397/7/18 8:53:51,0,65100,23687,65100,65100,34046,8:53:25,13231,62800,65125,200,8:51:19,500,62800,65130,85,8:53:07,477,62641,65140,658,8:53:07,318,62600,65144,4500
197,1397/7/18 8:54:00,0,65100,23687,65100,65100,35046,8:53:25,13231,62800,65125,200,8:51:19,500,62800,65130,85,8:53:07,477,62641,65140,658,8:53:07,318,62600,65144,4500
198,1397/7/18 8:54:06,0,65100,23352,65100,65100,35046,8:53:25,13231,62800,65125,200,8:51:19,500,62800,65130,85,8:53:07,477,62641,65140,658,8:53:07,318,62600,65144,4500
199,1397/7/18 8:54:13,0,65100,23422,65100,65100,35046,8:53:25,13231,62800,65125,200,8:51:19,500,62800,65130,85,8:53:07,477,62641,65140,658,8:53:07,318,62600,65144,4500
200,1397/7/18 8:54:19,0,65100,23117,65100,65100,35046,8:53:25,13231,62800,65125,200,8:51:19,500,62800,65130,85,8:53:07,477,62641,65140,658,8:53:07,318,62600,65144,4500
201,1397/7/18 8:54:19,0,65100,23117,65100,65100,35046,8:53:25,13231,62800,65125,200,8:51:19,500,62800,65130,85,8:54:36,477,62641,65140,10658,8:53:07,318,62600,65144,4500
202,1397/7/18 8:54:19,0,65100,23117,65100,65100,35046,8:53:25,13231,62800,65125,200,8:51:19,500,62800,65130,85,8:54:36,477,62641,65140,10658,8:54:45,318,62600,65144,4700
203,1397/7/18 8:54:58,0,65100,23117,65100,65100,36046,8:53:25,13231,62800,65125,200,8:51:19,500,62800,65130,85,8:54:36,477,62641,65140,10658,8:54:45,318,62600,65144,4700
204,1397/7/18 8:55:05,0,65100,23117,65100,65100,36065,8:53:25,13231,62800,65125,200,8:51:19,500,62800,65130,85,8:54:36,477,62641,65140,10658,8:54:45,318,62600,65144,4700
205,1397/7/18 8:55:09,0,65100,23315,65100,65100,36065,8:53:25,13231,62800,65125,200,8:51:19,500,62800,65130,85,8:54:36,477,62641,65140,10658,8:54:45,318,62600,65144,4700
206,1397/7/18 8:55:09,0,65100,23315,65100,65100,36065,8:55:15,13381,62800,65125,200,8:51:19,500,62800,65130,85,8:54:36,477,62641,65140,10658,8:54:45,318,62600,65144,4700
207,1397/7/18 8:55:16,0,65100,23333,65100,65100,36065,8:55:15,13381,62800,65125,200,8:51:19,500,62800,65130,85,8:54:36,477,62641,65140,10658,8:54:45,318,62600,65144,4700
208,1397/7/18 8:55:24,0,65000,13333,65000,65000,29621,8:55:24,13381,62800,65100,16444,8:55:24,500,62800,65125,200,8:55:24,477,62641,65130,85,8:55:24,318,62600,65140,10658
209,1397/7/18 8:55:24,0,65000,13333,65000,65000,29621,8:55:24,13381,62800,65100,16444,8:55:24,500,62800,65125,200,8:55:24,477,62641,65130,85,8:55:26,318,62600,65140,10848
210,1397/7/18 8:55:24,0,65000,13333,65000,65000,29621,8:55:38,13381,62800,65100,14297,8:55:24,500,62800,65125,200,8:55:24,477,62641,65130,85,8:55:26,318,62600,65140,10848
211,1397/7/18 8:55:41,0,65000,13333,65000,65000,44621,8:55:41,13381,62800,65100,4297,8:55:24,500,62800,65125,200,8:55:24,477,62641,65130,85,8:55:26,318,62600,65140,10848
212,1397/7/18 8:55:41,0,65000,13333,65000,65000,44621,8:55:41,13381,62800,65100,4297,8:55:24,500,62800,65125,200,8:55:24,477,62641,65130,85,8:55:48,318,62600,65140,11048
213,1397/7/18 8:55:41,0,65000,13333,65000,65000,44621,8:55:52,13381,62800,65100,10700,8:55:24,500,62800,65125,200,8:55:24,477,62641,65130,85,8:55:48,318,62600,65140,11048
214,1397/7/18 8:55:54,0,65000,13333,65000,65000,45779,8:55:54,13381,62800,65100,9542,8:55:24,500,62800,65125,200,8:55:24,477,62641,65130,85,8:55:48,318,62600,65140,11048
215,1397/7/18 8:55:54,0,65000,13333,65000,65000,45779,8:55:55,13381,62800,65050,19,8:55:55,500,62800,65100,9523,8:55:55,477,62641,65125,200,8:55:55,318,62600,65130,85
216,1397/7/18 8:56:09,0,65000,13333,65000,65000,51579,8:55:55,13381,62800,65050,19,8:55:55,500,62800,65100,9523,8:55:55,477,62641,65125,200,8:55:55,318,62600,65130,85
217,1397/7/18 8:56:09,0,65000,13333,65000,65000,51579,8:56:12,13381,62800,65042,7017,8:56:12,500,62800,65050,19,8:56:12,477,62641,65100,9523,8:56:12,318,62600,65125,200
218,1397/7/18 8:56:16,0,65000,13133,65000,65000,51579,8:56:12,13381,62800,65042,7017,8:56:12,500,62800,65050,19,8:56:12,477,62641,65100,9523,8:56:12,318,62600,65125,200
219,1397/7/18 8:56:24,0,65000,13063,65000,65000,51739,8:56:12,13381,62800,65042,7017,8:56:12,500,62800,65050,19,8:56:12,477,62641,65100,9523,8:56:12,318,62600,65125,200
220,1397/7/18 8:56:24,0,65000,13063,65000,65000,51739,8:56:27,13381,62800,65030,674,8:56:27,500,62800,65042,7017,8:56:27,477,62641,65050,19,8:56:27,318,62600,65100,8849
221,1397/7/18 8:56:45,0,65000,12063,65000,65000,51739,8:56:27,13381,62800,65030,674,8:56:27,500,62800,65042,7017,8:56:27,477,62641,65050,19,8:56:27,318,62600,65100,8849
222,1397/7/18 8:56:47,0,65000,12463,65000,65000,51739,8:56:27,13381,62800,65030,674,8:56:27,500,62800,65042,7017,8:56:27,477,62641,65050,19,8:56:27,318,62600,65100,8849
223,1397/7/18 8:56:48,0,65000,12563,65000,65000,51739,8:56:27,13381,62800,65030,674,8:56:27,500,62800,65042,7017,8:56:27,477,62641,65050,19,8:56:27,318,62600,65100,8849
224,1397/7/18 8:56:48,0,65000,12563,65000,65000,51739,8:56:54,13131,62800,65030,674,8:56:27,500,62800,65042,7017,8:56:27,477,62641,65050,19,8:56:27,318,62600,65100,8849
225,1397/7/18 8:56:48,0,65000,12563,65000,65000,51739,8:57:01,100,64000,65030,674,8:57:01,13131,64000,65042,7017,8:57:01,500,62645,65050,19,8:57:01,477,62641,65100,8849
226,1397/7/18 8:57:04,0,65000,12563,65000,65000,52769,8:57:01,100,64000,65030,674,8:57:01,13131,64000,65042,7017,8:57:01,500,62645,65050,19,8:57:01,477,62641,65100,8849
227,1397/7/18 8:57:04,0,65000,12563,65000,65000,52769,8:57:01,100,64000,65030,674,8:57:01,13131,64000,65042,7017,8:57:01,500,62645,65050,19,8:57:15,477,62641,65100,28849
228,1397/7/18 8:57:19,0,64999,12563,64999,64999,13171,8:57:19,100,64000,65000,44098,8:57:19,13131,64000,65030,674,8:57:19,500,62645,65042,7017,8:57:19,477,62641,65050,19
229,1397/7/18 8:57:24,0,64999,12563,64999,64999,14131,8:57:19,100,64000,65000,44098,8:57:19,13131,64000,65030,674,8:57:19,500,62645,65042,7017,8:57:19,477,62641,65050,19
230,1397/7/18 8:57:24,0,64999,12563,64999,64999,14131,8:57:29,100,64000,65000,50501,8:57:19,13131,64000,65030,674,8:57:19,500,62645,65042,7017,8:57:19,477,62641,65050,19
231,1397/7/18 8:57:33,0,64999,12563,64999,64999,24131,8:57:33,100,64000,65000,40501,8:57:19,13131,64000,65030,674,8:57:19,500,62645,65042,7017,8:57:19,477,62641,65050,19
232,1397/7/18 8:57:43,0,64998,12563,64998,64998,16034,8:57:43,100,64000,64999,14500,8:57:43,13131,64000,65000,34098,8:57:43,500,62645,65030,674,8:57:43,477,62641,65042,7017
233,1397/7/18 8:57:43,0,64998,12563,64998,64998,16034,8:57:43,100,64000,64999,14500,8:57:46,13131,64000,65000,34498,8:57:43,500,62645,65030,674,8:57:43,477,62641,65042,7017
234,1397/7/18 8:57:49,0,64998,12163,64998,64998,16034,8:57:43,100,64000,64999,14500,8:57:49,13131,64000,65000,35998,8:57:43,500,62645,65030,674,8:57:43,477,62641,65042,7017
235,1397/7/18 8:57:51,0,64998,12163,64998,64998,26034,8:57:51,100,64000,64999,4500,8:57:49,13131,64000,65000,35998,8:57:43,500,62645,65030,674,8:57:43,477,62641,65042,7017
236,1397/7/18 8:57:58,0,64998,12163,64998,64998,26534,8:57:51,100,64000,64999,4500,8:57:49,13131,64000,65000,35998,8:57:43,500,62645,65030,674,8:57:43,477,62641,65042,7017
237,1397/7/18 8:58:07,0,64998,12163,64998,64998,26734,8:57:51,100,64000,64999,4500,8:57:49,13131,64000,65000,35998,8:57:43,500,62645,65030,674,8:57:43,477,62641,65042,7017
238,1397/7/18 8:58:22,0,64998,12163,64998,64998,28277,8:57:51,100,64000,64999,4500,8:58:22,13131,64000,65000,41040,8:57:43,500,62645,65030,674,8:57:43,477,62641,65042,7017
239,1397/7/18 8:58:23,0,64998,12163,64998,64998,28667,8:57:51,100,64000,64999,4500,8:58:22,13131,64000,65000,41040,8:57:43,500,62645,65030,674,8:57:43,477,62641,65042,7017
240,1397/7/18 8:58:24,0,64998,12163,64998,64998,29667,8:57:51,100,64000,64999,4500,8:58:22,13131,64000,65000,41040,8:57:43,500,62645,65030,674,8:57:43,477,62641,65042,7017
241,1397/7/18 8:58:27,0,64998,12163,64998,64998,30698,8:57:51,100,64000,64999,4500,8:58:27,13131,64000,65000,40010,8:57:43,500,62645,65030,674,8:57:43,477,62641,65042,7017
242,1397/7/18 8:58:29,0,64997,12163,64997,64997,16265,8:58:29,100,64000,64998,18933,8:58:27,13131,64000,65000,40010,8:57:43,500,62645,65030,674,8:57:43,477,62641,65042,7017
243,1397/7/18 8:58:31,0,64997,12163,64997,64997,22668,8:58:31,100,64000,64998,13530,8:58:27,13131,64000,65000,40010,8:57:43,500,62645,65030,674,8:57:43,477,62641,65042,7017
244,1397/7/18 8:58:40,0,64997,12163,64997,64997,23668,8:58:40,100,64000,64998,12530,8:58:27,13131,64000,65000,40010,8:57:43,500,62645,65030,674,8:57:43,477,62641,65042,7017
245,1397/7/18 8:58:41,0,64996,12163,64996,64996,15880,8:58:41,100,64000,64997,7788,8:58:41,13131,64000,64998,12530,8:58:41,500,62645,65000,40010,8:58:41,477,62641,65030,674
246,1397/7/18 8:58:45,0,64995,12163,64995,64995,17783,8:58:45,100,64000,64996,4500,8:58:45,13131,64000,64997,1385,8:58:45,500,62645,64998,12530,8:58:45,477,62641,65000,40010
247,1397/7/18 8:58:45,0,64995,12163,64995,64995,17783,8:58:45,100,64000,64996,4500,8:58:48,13131,64000,64997,385,8:58:45,500,62645,64998,12530,8:58:45,477,62641,65000,40010
248,1397/7/18 8:58:45,0,64995,12163,64995,64995,17783,8:58:45,100,64000,64996,4500,8:58:58,13131,64000,64998,12530,8:58:58,500,62645,65000,40010,8:58:58,477,62641,65030,674
249,1397/7/18 8:59:05,0,64800,12163,64800,64800,13122,8:59:05,100,64000,64995,7561,8:59:05,13131,64000,64996,4500,8:59:05,500,62645,64998,12530,8:59:05,477,62641,65000,40010
250,1397/7/18 8:59:05,0,64800,12163,64800,64800,13122,8:59:10,100,64000,64994,4500,8:59:10,13131,64000,64995,7561,8:59:05,500,62645,64998,12530,8:59:05,477,62641,65000,40010
251,1397/7/18 8:59:11,0,64700,12163,64700,64700,86254,8:59:11,100,64000,64800,2141,8:59:11,13131,64000,64994,4500,8:59:11,500,62645,64995,7561,8:59:11,477,62641,64998,12530
252,1397/7/18 8:59:19,0,64700,12163,64700,64700,87254,8:59:11,100,64000,64800,2141,8:59:11,13131,64000,64994,4500,8:59:11,500,62645,64995,7561,8:59:11,477,62641,64998,12530
253,1397/7/18 8:59:19,0,64700,12163,64700,64700,87254,8:59:11,100,64000,64800,2141,8:59:29,12431,64000,64994,4500,8:59:11,500,62645,64995,7561,8:59:11,477,62641,64998,12530
254,1397/7/18 8:59:32,0,64600,11163,64600,64600,11981,8:59:32,100,64000,64700,75273,8:59:32,12431,64000,64800,2141,8:59:32,500,62645,64994,4500,8:59:32,477,62641,64995,7561
255,1397/7/18 8:59:35,0,64600,11163,64600,64600,13581,8:59:32,100,64000,64700,75273,8:59:32,12431,64000,64800,2141,8:59:32,500,62645,64994,4500,8:59:32,477,62641,64995,7561
256,1397/7/18 8:59:42,0,64400,11163,64400,64400,13381,8:59:42,100,64000,64500,200,8:59:42,12431,64000,64700,75273,8:59:42,500,62645,64800,2141,8:59:42,477,62641,64994,4500
257,1397/7/18 8:59:46,0,64400,11145,64400,64400,13381,8:59:42,100,64000,64500,200,8:59:46,12431,64000,64800,2141,8:59:46,500,62645,64994,4500,8:59:46,477,62641,64995,7561
258,1397/7/18 8:59:46,0,64400,11145,64400,64400,13381,8:59:42,100,64000,64500,200,8:59:46,12431,64000,64800,2141,8:59:46,500,62645,64994,4500,8:59:53,477,62641,64995,6403
259,1397/7/18 8:59:55,0,64400,11145,64400,64400,14381,8:59:55,100,64000,64500,3128,8:59:46,12431,64000,64800,2141,8:59:46,500,62645,64994,4500,8:59:53,477,62641,64995,6403
260,1397/7/18 8:59:55,0,64400,11145,64400,64400,14381,8:59:55,100,64000,64500,3128,8:59:46,12431,64000,64800,2141,8:59:57,500,62645,64989,500,8:59:57,477,62641,64994,4500
261,1397/7/18 8:59:58,0,64350,11145,64350,64350,20481,8:59:58,100,64000,64400,3900,8:59:58,12431,64000,64500,3128,8:59:58,500,62645,64800,2141,8:59:58,477,62641,64989,500
262,1397/7/18 9:00:00,0,63963,11245,63963,63963,14530,9:00:00,12431,62800,64000,2951,9:00:00,500,62800,64350,10000,9:00:00,477,62641,64400,3900,9:00:00,318,62600,64500,3128
263,1397/7/18 9:00:00,0,63963,11245,63963,63963,14530,9:00:03,12431,62800,64000,3451,9:00:00,500,62800,64350,10000,9:00:00,477,62641,64400,3900,9:00:00,318,62600,64500,3128
264,1397/7/18 9:00:00,0,63963,11245,63963,63963,14530,9:00:06,12431,62800,64000,6351,9:00:00,500,62800,64350,10000,9:00:06,477,62641,64400,1000,9:00:00,318,62600,64500,3128
265,1397/7/18 9:00:31,1163,63381,12431,62800,63963,3285,9:00:31,500,62645,64000,6351,9:00:31,477,62645,64350,10000,9:00:31,318,62600,64400,1000,9:00:31,1490,62300,64500,3128
266,1397/7/18 9:00:35,1163,63381,12431,62800,63963,4285,9:00:31,500,62645,64000,6351,9:00:31,477,62645,64350,10000,9:00:35,318,62600,64500,3128,9:00:35,1490,62300,64800,2141
267,1397/7/18 9:00:35,1163,63381,12431,62800,63963,4285,9:00:31,500,62645,64000,6351,9:00:47,477,62645,64340,6200,9:00:47,318,62600,64350,10000,9:00:47,1490,62300,64500,3128
268,1397/7/18 9:00:48,1163,63381,12431,62800,63963,5315,9:00:31,500,62645,64000,6351,9:00:47,477,62645,64340,6200,9:00:47,318,62600,64350,10000,9:00:47,1490,62300,64500,3128
269,1397/7/18 9:00:51,1163,63381,12431,62800,63963,6215,9:00:31,500,62645,64000,6351,9:00:47,477,62645,64340,6200,9:00:47,318,62600,64350,10000,9:00:47,1490,62300,64500,3128
270,1397/7/18 9:00:54,1163,63381,12431,62800,63963,6265,9:00:31,500,62645,64000,6351,9:00:47,477,62645,64340,6200,9:00:47,318,62600,64350,10000,9:00:47,1490,62300,64500,3128
271,1397/7/18 9:00:54,1163,63381,12431,62800,63963,6265,9:00:58,500,62645,64000,3451,9:00:47,477,62645,64340,6200,9:00:47,318,62600,64350,10000,9:00:47,1490,62300,64500,3128
272,1397/7/18 9:00:54,1163,63381,12431,62800,63963,6265,9:01:00,500,62645,64000,1851,9:00:47,477,62645,64340,6200,9:00:47,318,62600,64350,10000,9:00:47,1490,62300,64500,3128
273,1397/7/18 9:01:05,1163,63381,12431,62800,63963,6736,9:01:00,500,62645,64000,1851,9:00:47,477,62645,64340,6200,9:00:47,318,62600,64350,10000,9:00:47,1490,62300,64500,3128
274,1397/7/18 9:01:07,1160,63380,12431,62800,63960,85,9:01:07,500,62645,63963,6736,9:01:07,477,62645,64000,1851,9:01:07,318,62600,64340,6200,9:01:07,1490,62300,64350,10000
275,1397/7/18 9:01:08,1060,63430,10000,62900,63960,85,9:01:08,12431,62800,63963,6736,9:01:08,500,62800,64000,1851,9:01:08,477,62641,64340,6200,9:01:08,318,62600,64350,10000
276,1397/7/18 9:01:08,1060,63430,10000,62900,63960,85,9:01:08,12431,62800,63963,6736,9:01:13,500,62800,64000,5851,9:01:08,477,62641,64340,6200,9:01:08,318,62600,64350,10000
277,1397/7/18 9:01:19,1060,63430,10000,62900,63960,6488,9:01:08,12431,62800,63963,6736,9:01:13,500,62800,64000,5851,9:01:08,477,62641,64340,6200,9:01:08,318,62600,64350,10000
278,1397/7/18 9:01:25,1059,63430,475,62901,63960,6488,9:01:25,10000,62900,63963,6736,9:01:25,12431,62900,64000,5851,9:01:25,500,62645,64340,6200,9:01:25,477,62641,64350,10000
279,1397/7/18 9:01:42,1059,63430,475,62901,63960,7488,9:01:25,10000,62900,63963,6736,9:01:25,12431,62900,64000,5851,9:01:25,500,62645,64340,6200,9:01:25,477,62641,64350,10000
280,1397/7/18 9:01:43,1059,63430,475,62901,63960,1085,9:01:25,10000,62900,63963,6736,9:01:25,12431,62900,64000,5851,9:01:25,500,62645,64340,6200,9:01:25,477,62641,64350,10000
281,1397/7/18 9:01:45,960,63480,10000,63000,63960,1085,9:01:45,475,62901,63963,6736,9:01:25,12431,62901,64000,5851,9:01:25,500,62645,64340,6200,9:01:25,477,62641,64350,10000
282,1397/7/18 9:01:47,960,63480,9500,63000,63960,1085,9:01:45,475,62901,63963,6736,9:01:25,12431,62901,64000,5851,9:01:25,500,62645,64340,6200,9:01:25,477,62641,64350,10000
283,1397/7/18 9:01:47,960,63480,9500,63000,63960,1085,9:01:50,505,62901,63963,6736,9:01:25,12431,62901,64000,5851,9:01:25,500,62645,64340,6200,9:01:25,477,62641,64350,10000
284,1397/7/18 9:01:51,960,63480,3122,63000,63960,1085,9:01:50,505,62901,63963,6736,9:01:25,12431,62901,64000,5851,9:01:25,500,62645,64340,6200,9:01:25,477,62641,64350,10000
285,1397/7/18 9:01:54,960,63480,3122,63000,63960,1985,9:01:54,505,62901,63963,5836,9:01:25,12431,62901,64000,5851,9:01:25,500,62645,64340,6200,9:01:25,477,62641,64350,10000
286,1397/7/18 9:02:01,960,63480,3122,63000,63960,8388,9:01:54,505,62901,63963,5836,9:01:25,12431,62901,64000,5851,9:01:25,500,62645,64340,6200,9:01:25,477,62641,64350,10000
287,1397/7/18 9:02:03,950,63485,5526,63010,63960,8388,9:02:03,3122,63000,63963,5836,9:02:03,505,63000,64000,5851,9:02:03,12431,62800,64340,6200,9:02:03,500,62645,64350,10000
288,1397/7/18 9:02:07,950,63485,5526,63010,63960,8888,9:02:03,3122,63000,63963,5836,9:02:03,505,63000,64000,5851,9:02:03,12431,62800,64340,6200,9:02:03,500,62645,64350,10000
289,1397/7/18 9:02:08,950,63485,5526,63010,63960,8872,9:02:03,3122,63000,63963,5836,9:02:03,505,63000,64000,5851,9:02:03,12431,62800,64340,6200,9:02:03,500,62645,64350,10000
290,1397/7/18 9:02:14,950,63485,5526,63010,63960,8250,9:02:03,3122,63000,63963,5836,9:02:03,505,63000,64000,5851,9:02:03,12431,62800,64340,6200,9:02:03,500,62645,64350,10000
291,1397/7/18 9:02:22,950,63485,5526,63010,63960,1847,9:02:03,3122,63000,63963,5836,9:02:03,505,63000,64000,5851,9:02:03,12431,62800,64340,6200,9:02:03,500,62645,64350,10000
292,1397/7/18 9:02:23,950,63485,5526,63010,63960,947,9:02:03,3122,63000,63963,5836,9:02:03,505,63000,64000,5851,9:02:03,12431,62800,64340,6200,9:02:03,500,62645,64350,10000
293,1397/7/18 9:02:24,890,63455,5526,63010,63900,900,9:02:24,3122,63000,63960,947,9:02:24,505,63000,63963,5836,9:02:24,12431,62800,64000,5851,9:02:24,500,62645,64340,6200
294,1397/7/18 9:02:24,890,63455,5526,63010,63900,900,9:02:28,6122,63000,63960,947,9:02:24,505,63000,63963,5836,9:02:24,12431,62800,64000,5851,9:02:24,500,62645,64340,6200
295,1397/7/18 9:02:40,890,63455,5526,63010,63900,1800,9:02:28,6122,63000,63960,947,9:02:24,505,63000,63963,5836,9:02:24,12431,62800,64000,5851,9:02:24,500,62645,64340,6200
296,1397/7/18 9:02:58,890,63455,5526,63010,63900,2300,9:02:28,6122,63000,63960,947,9:02:24,505,63000,63963,5836,9:02:24,12431,62800,64000,5851,9:02:24,500,62645,64340,6200
297,1397/7/18 9:02:58,890,63455,5526,63010,63900,2300,9:02:59,6272,63000,63960,947,9:02:24,505,63000,63963,5836,9:02:59,4773,62801,64000,5851,9:02:59,7658,62800,64340,6200
298,1397/7/18 9:02:58,890,63455,5526,63010,63900,2300,9:02:59,6272,63000,63960,947,9:02:24,505,63000,63963,5836,9:03:00,4773,62801,64000,10851,9:02:59,7658,62800,64340,6200
299,1397/7/18 9:03:05,890,63455,5526,63010,63900,2500,9:02:59,6272,63000,63960,947,9:02:24,505,63000,63963,5836,9:03:00,4773,62801,64000,10851,9:02:59,7658,62800,64340,6200
300,1397/7/18 9:03:10,850,63475,5526,63050,63900,2500,9:02:59,6272,63000,63960,947,9:02:24,505,63000,63963,5836,9:03:00,4773,62801,64000,10851,9:02:59,7658,62800,64340,6200
301,1397/7/18 9:03:14,850,63475,5526,63050,63900,2700,9:02:59,6272,63000,63960,947,9:02:24,505,63000,63963,5836,9:03:00,4773,62801,64000,10851,9:02:59,7658,62800,64340,6200
302,1397/7/18 9:03:14,850,63475,5526,63050,63900,2700,9:03:25,6272,63000,63960,1347,9:02:24,505,63000,63963,5836,9:03:00,4773,62801,64000,10851,9:02:59,7658,62800,64340,6200
303,1397/7/18 9:03:28,60,63930,422,63900,63960,1347,9:03:28,5526,63050,63963,5836,9:03:28,3150,63050,64000,10851,9:03:28,505,62901,64340,6200,9:03:28,4773,62801,64350,10000
304,1397/7/18 9:03:30,850,63475,5526,63050,63900,78,9:03:30,3150,63000,63960,847,9:03:30,505,63000,63963,5836,9:03:30,4773,62801,64000,10851,9:03:30,7658,62800,64340,6200
305,1397/7/18 9:03:52,700,63550,3320,63200,63900,78,9:03:52,5526,63050,63960,847,9:03:52,3150,63050,63963,5836,9:03:52,505,62901,64000,10851,9:03:52,4773,62801,64340,6200
306,1397/7/18 9:03:52,700,63550,3320,63200,63900,78,9:04:05,5526,63050,63960,5847,9:03:52,3150,63050,63963,5836,9:04:05,505,62901,64000,5851,9:03:52,4773,62801,64340,6200
307,1397/7/18 9:03:52,700,63550,3320,63200,63900,78,9:04:15,5526,63050,63959,1018,9:04:15,3150,63050,63960,5847,9:04:15,505,62901,63963,5836,9:04:15,4773,62801,64000,5851
308,1397/7/18 9:04:18,700,63550,3635,63200,63900,78,9:04:15,5526,63050,63959,1018,9:04:15,3150,63050,63960,5847,9:04:15,505,62901,63963,5836,9:04:15,4773,62801,64000,5851
309,1397/7/18 9:04:20,690,63555,78,63210,63900,78,9:04:20,3635,63200,63959,1018,9:04:20,5526,63200,63960,5847,9:04:20,3150,63000,63963,5836,9:04:20,505,62901,64000,5851
310,1397/7/18 9:04:20,690,63555,78,63210,63900,78,9:04:20,3635,63200,63959,1018,9:04:20,5526,63200,63960,5847,9:04:20,3150,63000,63963,5836,9:04:21,505,62901,64000,5889
311,1397/7/18 9:04:27,690,63555,78,63210,63900,6278,9:04:20,3635,63200,63959,1018,9:04:20,5526,63200,63960,5847,9:04:20,3150,63000,63963,5836,9:04:21,505,62901,64000,5889
312,1397/7/18 9:04:30,690,63555,78,63210,63900,7278,9:04:20,3635,63200,63959,1018,9:04:20,5526,63200,63960,5847,9:04:30,3150,63000,63963,4836,9:04:21,505,62901,64000,5889
313,1397/7/18 9:04:33,678,63561,475,63222,63900,7278,9:04:33,78,63210,63959,1018,9:04:33,3635,63210,63960,5847,9:04:33,5526,63050,63963,4836,9:04:33,3150,63000,64000,5889
314,1397/7/18 9:04:45,678,63561,475,63222,63900,7308,9:04:33,78,63210,63959,1018,9:04:33,3635,63210,63960,5847,9:04:33,5526,63050,63963,4836,9:04:33,3150,63000,64000,5889
315,1397/7/18 9:04:48,678,63561,475,63222,63900,6908,9:04:33,78,63210,63959,1018,9:04:33,3635,63210,63960,5847,9:04:33,5526,63050,63963,4836,9:04:33,3150,63000,64000,5889
316,1397/7/18 9:04:52,678,63561,475,63222,63900,7208,9:04:33,78,63210,63959,1018,9:04:33,3635,63210,63960,5847,9:04:33,5526,63050,63963,4836,9:04:33,3150,63000,64000,5889
317,1397/7/18 9:04:52,678,63561,475,63222,63900,7208,9:04:33,78,63210,63959,1018,9:04:55,3682,63210,63960,5847,9:04:33,5526,63050,63963,4836,9:04:33,3150,63000,64000,5889
318,1397/7/18 9:05:00,600,63600,5526,63300,63900,7208,9:05:00,475,63222,63959,1018,9:05:00,78,63222,63960,5847,9:05:00,3682,63200,63963,4836,9:04:33,3150,63000,64000,5889
319,1397/7/18 9:05:08,599,63599,5526,63300,63899,10000,9:05:08,475,63222,63900,7208,9:05:08,78,63222,63959,1018,9:05:08,3682,63200,63960,5847,9:05:08,3150,63000,63963,4836
320,1397/7/18 9:05:09,600,63600,5526,63300,63900,7208,9:05:09,475,63222,63959,1018,9:05:09,78,63222,63960,5847,9:05:09,362,63200,63963,4836,9:05:09,3150,63000,64000,5889
321,1397/7/18 9:05:10,600,63600,6000,63300,63900,7208,9:05:09,475,63222,63959,1018,9:05:09,78,63222,63960,5847,9:05:09,362,63200,63963,4836,9:05:09,3150,63000,64000,5889
322,1397/7/18 9:05:18,600,63600,6000,63300,63900,7708,9:05:09,475,63222,63959,1018,9:05:09,78,63222,63960,5847,9:05:09,362,63200,63963,4836,9:05:09,3150,63000,64000,5889
323,1397/7/18 9:05:21,600,63600,6000,63300,63900,8508,9:05:09,475,63222,63959,1018,9:05:09,78,63222,63960,5847,9:05:09,362,63200,63963,4836,9:05:09,3150,63000,64000,5889
324,1397/7/18 9:05:22,549,63624,78,63350,63899,400,9:05:22,6000,63300,63900,8508,9:05:22,475,63300,63959,1018,9:05:22,362,63200,63960,5847,9:05:22,3150,63000,63963,4836
325,1397/7/18 9:05:22,549,63624,78,63350,63899,400,9:05:26,6000,63300,63900,12508,9:05:22,475,63300,63959,1018,9:05:22,362,63200,63960,5847,9:05:22,3150,63000,63963,4836
326,1397/7/18 9:05:22,549,63624,78,63350,63899,400,9:05:26,6000,63300,63900,12508,9:05:22,475,63300,63959,1018,9:05:22,362,63200,63960,5847,9:05:33,3306,63000,63963,4836
327,1397/7/18 9:05:38,550,63625,78,63350,63900,11408,9:05:38,6000,63300,63959,1018,9:05:38,475,63300,63960,5847,9:05:38,362,63200,63963,4836,9:05:38,3306,63000,64000,2039
328,1397/7/18 9:05:39,549,63624,78,63350,63899,500,9:05:39,6000,63300,63900,11408,9:05:39,475,63300,63959,1018,9:05:39,362,63200,63960,5847,9:05:39,3306,63000,63963,4836
329,1397/7/18 9:05:48,399,63699,5526,63500,63899,500,9:05:48,78,63350,63900,11408,9:05:48,474,63350,63959,1018,9:05:48,475,63222,63960,5847,9:05:48,362,63200,63963,4836
330,1397/7/18 9:05:56,399,63699,5526,63500,63899,1500,9:05:56,78,63350,63900,10408,9:05:48,474,63350,63959,1018,9:05:48,475,63222,63960,5847,9:05:56,1149,63200,63963,4836
331,1397/7/18 9:05:56,399,63699,5526,63500,63899,1500,9:05:56,78,63350,63900,10408,9:05:57,499,63350,63959,1018,9:05:48,475,63222,63960,5847,9:05:56,1149,63200,63963,4836
332,1397/7/18 9:05:58,398,63699,5526,63500,63898,1018,9:05:58,78,63350,63899,1500,9:05:58,499,63350,63900,10408,9:05:48,475,63222,63960,5847,9:05:56,1149,63200,63963,4836
333,1397/7/18 9:05:58,398,63699,5526,63500,63898,1018,9:05:59,1683,63351,63899,1500,9:05:59,78,63351,63900,10408,9:05:59,499,63300,63960,5847,9:05:59,475,63222,63963,4836
334,1397/7/18 9:06:08,397,63699,25,63501,63898,1018,9:06:08,5526,63500,63899,1500,9:06:08,1683,63500,63900,10408,9:06:08,78,63350,63960,5847,9:06:08,499,63300,63963,4836
335,1397/7/18 9:06:13,389,63695,25,63501,63890,400,9:06:13,5526,63500,63898,1018,9:06:13,1683,63500,63899,1500,9:06:13,78,63350,63900,10408,9:06:13,499,63300,63960,5447
336,1397/7/18 9:06:18,389,63695,25,63501,63890,900,9:06:13,5526,63500,63898,1018,9:06:13,1683,63500,63899,1500,9:06:13,78,63350,63900,10408,9:06:13,499,63300,63960,5447
337,1397/7/18 9:06:18,389,63695,25,63501,63890,900,9:06:20,6313,63500,63898,1018,9:06:13,1683,63500,63899,1500,9:06:13,78,63350,63900,10408,9:06:13,499,63300,63960,5447
338,1397/7/18 9:06:21,389,63695,25,63501,63890,1900,9:06:20,6313,63500,63898,1018,9:06:21,1683,63500,63899,500,9:06:13,78,63350,63900,10408,9:06:13,499,63300,63960,5447
339,1397/7/18 9:06:21,389,63695,25,63501,63890,1900,9:06:20,6313,63500,63898,1018,9:06:21,1683,63500,63899,500,9:06:13,78,63350,63900,10408,9:06:23,599,63300,63960,5447
340,1397/7/18 9:06:24,389,63695,24,63501,63890,1900,9:06:20,6313,63500,63898,1018,9:06:21,1683,63500,63899,500,9:06:13,78,63350,63900,10408,9:06:23,599,63300,63960,5447
341,1397/7/18 9:06:28,389,63695,24,63501,63890,342,9:06:28,6313,63500,63897,300,9:06:28,1683,63500,63898,1018,9:06:28,78,63350,63899,500,9:06:28,599,63300,63900,10408
342,1397/7/18 9:06:29,389,63695,24,63501,63890,242,9:06:28,6313,63500,63897,300,9:06:28,1683,63500,63898,1018,9:06:28,78,63350,63899,500,9:06:28,599,63300,63900,10408
343,1397/7/18 9:06:30,388,63696,475,63502,63890,183,9:06:30,24,63501,63897,300,9:06:30,6313,63501,63898,1018,9:06:30,1683,63351,63899,500,9:06:30,78,63350,63900,10408
344,1397/7/18 9:06:30,388,63696,475,63502,63890,183,9:06:30,24,63501,63897,300,9:06:33,6360,63501,63898,1018,9:06:30,1683,63351,63899,500,9:06:30,78,63350,63900,10408
345,1397/7/18 9:06:47,380,63700,100,63510,63890,183,9:06:47,475,63502,63897,300,9:06:47,24,63502,63898,1018,9:06:47,6360,63500,63899,500,9:06:47,1683,63351,63900,10408
346,1397/7/18 9:06:47,380,63700,100,63510,63890,183,9:06:47,475,63502,63897,300,9:06:47,24,63502,63898,1018,9:06:48,6360,63500,63900,10408,9:06:48,1683,63351,63960,5447
347,1397/7/18 9:06:51,370,63695,100,63510,63880,800,9:06:51,475,63502,63890,183,9:06:51,24,63502,63897,300,9:06:51,6360,63500,63898,1018,9:06:51,1683,63351,63900,9608
348,1397/7/18 9:06:53,369,63695,78,63511,63880,800,9:06:53,100,63510,63890,183,9:06:53,475,63510,63897,300,9:06:53,24,63501,63898,1018,9:06:53,6360,63500,63900,9608
349,1397/7/18 9:06:55,369,63695,78,63511,63880,1300,9:06:53,100,63510,63890,183,9:06:53,475,63510,63897,300,9:06:53,24,63501,63898,1018,9:06:53,6360,63500,63900,9608
350,1397/7/18 9:06:55,369,63695,78,63511,63880,1300,9:06:56,100,63510,63890,483,9:06:53,475,63510,63897,300,9:06:53,24,63501,63898,1018,9:06:56,6360,63500,63900,9308
351,1397/7/18 9:07:03,369,63695,78,63511,63880,750,9:06:56,100,63510,63890,483,9:06:53,475,63510,63897,300,9:06:53,24,63501,63898,1018,9:06:56,6360,63500,63900,9308
352,1397/7/18 9:07:06,369,63695,78,63511,63880,1050,9:07:06,100,63510,63890,183,9:06:53,475,63510,63897,300,9:06:53,24,63501,63898,1018,9:06:56,6360,63500,63900,9308
353,1397/7/18 9:07:07,359,63690,78,63511,63870,1851,9:07:07,100,63510,63880,1050,9:07:07,475,63510,63890,183,9:07:07,24,63501,63897,300,9:07:07,6360,63500,63898,1018
354,1397/7/18 9:07:09,358,63691,50,63512,63870,1851,9:07:09,78,63511,63880,1050,9:07:09,100,63511,63890,183,9:07:09,475,63502,63897,300,9:07:09,24,63501,63898,1018
355,1397/7/18 9:07:11,358,63691,1250,63512,63870,1851,9:07:09,78,63511,63880,1050,9:07:09,100,63511,63890,183,9:07:09,475,63502,63897,300,9:07:09,24,63501,63898,1018
356,1397/7/18 9:07:19,357,63690,1250,63512,63869,1018,9:07:19,78,63511,63870,1851,9:07:19,100,63511,63880,1050,9:07:19,475,63502,63890,183,9:07:19,24,63501,63897,300
357,1397/7/18 9:07:27,357,63690,1250,63512,63869,1201,9:07:19,78,63511,63870,1851,9:07:19,100,63511,63880,1050,9:07:27,475,63502,63897,300,9:07:27,24,63501,63900,9308
358,1397/7/18 9:07:28,357,63690,1250,63512,63869,21201,9:07:19,78,63511,63870,1851,9:07:19,100,63511,63880,1050,9:07:27,475,63502,63897,300,9:07:27,24,63501,63900,9308
359,1397/7/18 9:07:28,357,63690,1250,63512,63869,21201,9:07:30,78,63511,63870,6851,9:07:19,100,63511,63880,1050,9:07:27,475,63502,63897,300,9:07:27,24,63501,63900,9308
360,1397/7/18 9:07:34,169,63784,471,63700,63869,21201,9:07:34,1250,63512,63870,6851,9:07:34,78,63512,63880,1050,9:07:34,100,63510,63897,300,9:07:34,475,63502,63900,9308
361,1397/7/18 9:07:40,160,63780,471,63700,63860,500,9:07:40,1250,63512,63869,21201,9:07:40,78,63512,63870,6851,9:07:40,100,63510,63880,550,9:07:40,475,63502,63897,300
362,1397/7/18 9:07:45,159,63780,25,63701,63860,500,9:07:45,471,63700,63869,21201,9:07:45,1250,63700,63870,6851,9:07:45,78,63511,63880,550,9:07:45,100,63510,63897,300
363,1397/7/18 9:07:45,159,63780,25,63701,63860,500,9:07:55,471,63700,63868,300,9:07:55,1250,63700,63869,21201,9:07:55,78,63511,63870,6851,9:07:55,100,63510,63880,550
364,1397/7/18 9:07:59,159,63780,25,63701,63860,477,9:07:55,471,63700,63868,300,9:07:55,1250,63700,63869,21201,9:07:55,78,63511,63870,6851,9:07:55,100,63510,63880,550
365,1397/7/18 9:07:59,159,63780,25,63701,63860,477,9:07:55,471,63700,63868,300,9:07:55,1250,63700,63869,21201,9:07:55,78,63511,63870,6851,9:08:00,360,63510,63880,550
366,1397/7/18 9:08:16,149,63775,25,63701,63850,250,9:08:16,471,63700,63860,477,9:08:16,1250,63700,63868,300,9:08:16,78,63511,63869,21201,9:08:16,360,63510,63870,6851
367,1397/7/18 9:08:19,149,63775,24,63701,63850,250,9:08:16,471,63700,63860,477,9:08:16,1250,63700,63868,300,9:08:16,78,63511,63869,21201,9:08:16,360,63510,63870,6851
368,1397/7/18 9:08:22,10,63855,225,63850,63860,477,9:08:22,24,63701,63868,300,9:08:22,471,63701,63869,21201,9:08:22,1250,63512,63870,6851,9:08:22,78,63511,63880,300
369,1397/7/18 9:08:23,509,63605,1683,63351,63860,477,9:08:23,100,63300,63868,300,9:08:23,315,63300,63869,21201,9:08:23,9162,63000,63870,6851,9:08:23,30,62901,63880,300
370,1397/7/18 9:08:30,349,63525,1683,63351,63700,1000,9:08:30,100,63300,63860,477,9:08:30,315,63300,63868,300,9:08:30,9162,63000,63869,21201,9:08:30,30,62901,63870,6851
371,1397/7/18 9:08:37,349,63525,1643,63351,63700,1000,9:08:30,100,63300,63860,477,9:08:30,315,63300,63868,300,9:08:30,9162,63000,63869,21201,9:08:30,30,62901,63870,6851
372,1397/7/18 9:08:40,518,63610,643,63351,63869,11978,9:08:40,100,63300,63870,6851,9:08:40,315,63300,63880,300,9:08:40,9162,63000,63900,8808,9:08:40,30,62901,63960,447
373,1397/7/18 9:08:53,368,63685,1562,63501,63869,11978,9:08:53,643,63351,63870,6851,9:08:53,100,63351,63880,300,9:08:53,315,63200,63900,8808,9:08:53,9162,63000,63960,447
374,1397/7/18 9:09:04,368,63685,1562,63501,63869,11979,9:08:53,643,63351,63870,6851,9:08:53,100,63351,63880,300,9:08:53,315,63200,63900,8808,9:08:53,9162,63000,63960,447
375,1397/7/18 9:09:04,368,63685,1562,63501,63869,11979,9:09:05,31,63352,63870,6851,9:09:05,643,63352,63880,300,9:09:05,100,63300,63900,8808,9:09:05,315,63200,63960,447
376,1397/7/18 9:09:12,367,63684,1562,63501,63868,32,9:09:12,31,63352,63869,12129,9:09:12,643,63352,63870,6851,9:09:12,100,63300,63880,300,9:09:12,315,63200,63900,8808
377,1397/7/18 9:09:12,367,63684,1562,63501,63868,32,9:09:12,31,63352,63869,12129,9:09:12,643,63352,63870,6851,9:09:12,100,63300,63880,300,9:09:17,315,63200,63900,9108
378,1397/7/18 9:09:28,367,63684,1135,63501,63868,32,9:09:12,31,63352,63869,12129,9:09:12,643,63352,63870,6851,9:09:12,100,63300,63880,300,9:09:17,315,63200,63900,9108
379,1397/7/18 9:09:37,358,63689,170,63510,63868,123,9:09:37,1135,63501,63869,12129,9:09:37,31,63501,63870,6851,9:09:37,643,63351,63880,300,9:09:37,100,63300,63900,9108
380,1397/7/18 9:09:39,358,63689,170,63510,63868,124,9:09:39,1135,63501,63869,12128,9:09:37,31,63501,63870,6851,9:09:37,643,63351,63880,300,9:09:37,100,63300,63900,9108
381,1397/7/18 9:09:41,350,63685,170,63510,63860,170,9:09:41,1135,63501,63868,124,9:09:41,31,63501,63869,12128,9:09:41,643,63351,63870,6851,9:09:41,100,63300,63880,300
382,1397/7/18 9:09:46,350,63685,20,63510,63860,5170,9:09:41,1135,63501,63868,124,9:09:46,78,63501,63869,12128,9:09:46,31,63352,63870,1851,9:09:46,643,63351,63880,300
383,1397/7/18 9:09:46,350,63685,20,63510,63860,5170,9:09:41,1135,63501,63868,124,9:09:46,78,63501,63869,12128,9:09:47,31,63352,63870,3609,9:09:46,643,63351,63880,300
384,1397/7/18 9:09:54,350,63685,20,63510,63860,5470,9:09:41,1135,63501,63868,124,9:09:46,78,63501,63869,12128,9:09:47,31,63352,63870,3609,9:09:54,643,63351,63900,9108
385,1397/7/18 9:09:54,350,63685,20,63510,63860,5470,9:09:41,1135,63501,63868,124,9:09:55,78,63501,63869,12328,9:09:47,31,63352,63870,3609,9:09:54,643,63351,63900,9108
386,1397/7/18 9:09:59,350,63685,20,63510,63860,5941,9:09:41,1135,63501,63868,124,9:09:55,78,63501,63869,12328,9:09:47,31,63352,63870,3609,9:09:54,643,63351,63900,9108
387,1397/7/18 9:09:59,350,63685,20,63510,63860,5941,9:10:01,1205,63501,63868,124,9:09:55,78,63501,63869,12328,9:09:47,31,63352,63870,3609,9:09:54,643,63351,63900,9108
388,1397/7/18 9:10:02,350,63685,20,63510,63860,5925,9:10:01,1205,63501,63868,124,9:09:55,78,63501,63869,12328,9:09:47,31,63352,63870,3609,9:09:54,643,63351,63900,9108
389,1397/7/18 9:10:03,350,63685,20,63510,63860,4425,9:10:01,1205,63501,63868,124,9:09:55,78,63501,63869,12328,9:09:47,31,63352,63870,3609,9:09:54,643,63351,63900,9108
390,1397/7/18 9:10:03,350,63685,20,63510,63860,4425,9:10:01,1205,63501,63868,124,9:09:55,78,63501,63869,12328,9:09:47,31,63352,63870,3609,9:10:06,1643,63351,63900,9108
391,1397/7/18 9:10:08,350,63685,20,63510,63860,4325,9:10:01,1205,63501,63868,124,9:09:55,78,63501,63869,12328,9:09:47,31,63352,63870,3609,9:10:06,1643,63351,63900,9108
392,1397/7/18 9:10:11,345,63687,110,63515,63860,4325,9:10:11,20,63510,63868,124,9:10:11,1205,63510,63869,12328,9:10:11,78,63500,63870,3609,9:10:11,31,63352,63900,9108
393,1397/7/18 9:10:23,345,63687,110,63515,63860,4445,9:10:11,20,63510,63868,124,9:10:11,1205,63510,63869,12328,9:10:11,78,63500,63870,3609,9:10:11,31,63352,63900,9108
394,1397/7/18 9:10:33,345,63687,110,63515,63860,4446,9:10:33,20,63510,63868,123,9:10:11,1205,63510,63869,12328,9:10:11,78,63500,63870,3609,9:10:11,31,63352,63900,9108
395,1397/7/18 9:10:38,350,63685,20,63510,63860,4446,9:10:38,1205,63501,63868,123,9:10:38,78,63501,63869,12328,9:10:38,31,63352,63870,3609,9:10:38,1643,63351,63900,9108
396,1397/7/18 9:10:41,350,63685,20,63510,63860,4426,9:10:38,1205,63501,63868,123,9:10:38,78,63501,63869,12328,9:10:38,31,63352,63870,3609,9:10:38,1643,63351,63900,9108
397,1397/7/18 9:10:52,350,63685,20,63510,63860,4776,9:10:38,1205,63501,63868,123,9:10:38,78,63501,63869,12328,9:10:38,31,63352,63870,3609,9:10:38,1643,63351,63900,9108
398,1397/7/18 9:10:54,350,63685,19,63510,63860,4775,9:10:38,1205,63501,63868,123,9:10:38,78,63501,63869,12328,9:10:38,31,63352,63870,3609,9:10:38,1643,63351,63900,9108
399,1397/7/18 9:11:15,1,63500,78,63500,63501,776,9:11:15,31,63352,63860,4775,9:11:15,1643,63352,63868,123,9:11:15,100,63300,63869,12328,9:11:15,315,63200,63870,3609
400,1397/7/18 9:11:15,1,63500,78,63500,63501,776,9:11:20,31,63352,63859,181,9:11:20,1643,63352,63860,4775,9:11:20,100,63300,63868,123,9:11:20,315,63200,63869,12328
401,1397/7/18 9:11:38,149,63426,31,63352,63501,776,9:11:38,1643,63351,63859,181,9:11:38,100,63351,63860,4775,9:11:38,315,63200,63868,123,9:11:38,12015,63000,63869,12328
402,1397/7/18 9:11:41,301,63350,315,63200,63501,776,9:11:41,12015,63000,63859,181,9:11:41,30,63000,63860,4775,9:11:41,4773,62801,63868,123,9:11:41,5560,62800,63869,12328
403,1397/7/18 9:11:44,300,63350,315,63200,63500,22,9:11:44,12015,63000,63501,776,9:11:44,30,63000,63859,181,9:11:44,4773,62801,63860,4775,9:11:44,5560,62800,63868,123
404,1397/7/18 9:11:44,300,63350,315,63200,63500,22,9:11:49,6489,63000,63501,776,9:11:44,30,63000,63859,181,9:11:44,4773,62801,63860,4775,9:11:44,5560,62800,63868,123
405,1397/7/18 9:11:52,280,63340,315,63200,63480,1851,9:11:52,6489,63000,63500,22,9:11:52,30,63000,63501,776,9:11:52,4773,62801,63859,181,9:11:52,5560,62800,63860,4775
406,1397/7/18 9:11:52,280,63340,315,63200,63480,1851,9:12:08,6489,63000,63500,546,9:11:52,30,63000,63501,776,9:11:52,4773,62801,63859,181,9:11:52,5560,62800,63860,4775
407,1397/7/18 9:11:52,280,63340,315,63200,63480,1851,9:12:11,6489,63000,63500,524,9:11:52,30,63000,63501,776,9:11:52,4773,62801,63859,181,9:11:52,5560,62800,63860,4775
408,1397/7/18 9:11:52,280,63340,315,63200,63480,1851,9:12:11,6489,63000,63500,524,9:11:52,30,63000,63501,776,9:12:13,4773,62801,63859,681,9:11:52,5560,62800,63860,4775
409,1397/7/18 9:12:14,200,63100,6489,63000,63200,385,9:12:14,30,62901,63480,1851,9:12:14,4773,62901,63500,524,9:12:14,5560,62800,63501,776,9:12:14,500,62645,63859,681
410,1397/7/18 9:12:23,200,63100,5489,63000,63200,385,9:12:14,30,62901,63480,1851,9:12:14,4773,62901,63500,524,9:12:14,5560,62800,63501,776,9:12:14,500,62645,63859,681
411,1397/7/18 9:12:24,200,63100,5489,63000,63200,68,9:12:14,30,62901,63480,1851,9:12:14,4773,62901,63500,524,9:12:14,5560,62800,63501,776,9:12:14,500,62645,63859,681
412,1397/7/18 9:12:29,50,63455,716,63430,63480,1851,9:12:29,5489,63000,63500,524,9:12:29,30,63000,63501,776,9:12:29,4773,62801,63859,681,9:12:29,5560,62800,63860,4775
413,1397/7/18 9:12:29,50,63455,716,63430,63480,1851,9:12:29,5489,63000,63500,524,9:12:29,30,63000,63501,776,9:12:29,4773,62801,63859,681,9:12:39,5728,62800,63860,4775
414,1397/7/18 9:12:41,430,63215,5489,63000,63430,39284,9:12:41,30,62901,63480,1851,9:12:41,4773,62901,63500,524,9:12:41,5728,62800,63501,776,9:12:41,500,62645,63859,681
415,1397/7/18 9:12:43,430,63215,5489,63000,63430,40000,9:12:41,30,62901,63480,1851,9:12:41,4773,62901,63500,524,9:12:41,5728,62800,63501,776,9:12:41,500,62645,63859,681
416,1397/7/18 9:12:43,430,63215,5489,63000,63430,40000,9:12:41,30,62901,63480,1851,9:12:44,4773,62901,63500,544,9:12:41,5728,62800,63501,776,9:12:41,500,62645,63859,681
417,1397/7/18 9:12:49,430,63215,5489,63000,63430,39000,9:12:41,30,62901,63480,1851,9:12:44,4773,62901,63500,544,9:12:41,5728,62800,63501,776,9:12:41,500,62645,63859,681
418,1397/7/18 9:12:51,430,63215,5489,63000,63430,716,9:12:41,30,62901,63480,1851,9:12:44,4773,62901,63500,544,9:12:41,5728,62800,63501,776,9:12:41,500,62645,63859,681
419,1397/7/18 9:12:51,430,63215,5489,63000,63430,716,9:12:41,30,62901,63480,1851,9:12:54,4773,62901,63500,20,9:12:41,5728,62800,63501,776,9:12:41,500,62645,63859,681
420,1397/7/18 9:12:56,480,63240,5489,63000,63480,1851,9:12:56,30,62901,63500,20,9:12:56,4773,62901,63501,776,9:12:56,5728,62800,63859,681,9:12:56,500,62645,63860,4775
421,1397/7/18 9:13:07,480,63240,4219,63000,63480,1851,9:12:56,30,62901,63500,20,9:12:56,4773,62901,63501,776,9:12:56,5728,62800,63859,681,9:12:56,500,62645,63860,4775
422,1397/7/18 9:13:08,99,62950,30,62901,63000,559,9:13:08,4773,62801,63480,1851,9:13:08,5728,62801,63500,20,9:13:08,500,62645,63501,776,9:13:08,477,62641,63859,681
423,1397/7/18 9:13:14,569,63185,30,62901,63470,559,9:13:08,4773,62801,63480,1851,9:13:08,5728,62801,63500,20,9:13:08,500,62645,63501,776,9:13:08,477,62641,63859,681
424,1397/7/18 9:13:17,99,62950,30,62901,63000,3534,9:13:17,4773,62801,63470,559,9:13:17,5728,62801,63480,1851,9:13:17,500,62645,63500,20,9:13:17,477,62641,63501,776
425,1397/7/18 9:13:17,99,62950,30,62901,63000,3534,9:13:21,4773,62801,63470,2410,9:13:21,5728,62801,63500,20,9:13:21,500,62645,63501,776,9:13:21,477,62641,63859,681
426,1397/7/18 9:13:29,98,62950,30,62901,62999,447,9:13:29,4773,62801,63000,3534,9:13:29,5728,62801,63470,2410,9:13:29,500,62645,63500,20,9:13:29,477,62641,63501,776
427,1397/7/18 9:13:38,155,62722,500,62645,62800,9469,9:13:38,477,62641,62999,447,9:13:38,318,62641,63000,3534,9:13:38,10000,62500,63470,2410,9:13:38,1521,62300,63500,20
428,1397/7/18 9:13:40,155,62722,500,62645,62800,9319,9:13:38,477,62641,62999,447,9:13:38,318,62641,63000,3534,9:13:38,10000,62500,63470,2410,9:13:38,1521,62300,63500,20
429,1397/7/18 9:13:48,4,62643,477,62641,62645,264,9:13:48,318,62600,62800,9319,9:13:48,10000,62600,62999,447,9:13:48,1521,62300,63000,3534,9:13:48,1600,62205,63470,2410
430,1397/7/18 9:13:50,100,62550,10000,62500,62600,37205,9:13:50,1521,62300,62645,1264,9:13:50,1600,62300,62800,9319,9:13:50,20,62200,62999,447,9:13:50,3503,62148,63000,3534
431,1397/7/18 9:14:04,100,62550,10000,62500,62600,38805,9:13:50,1521,62300,62645,1264,9:13:50,1600,62300,62800,9319,9:13:50,20,62200,62999,447,9:13:50,3503,62148,63000,3534
432,1397/7/18 9:14:06,200,62400,1521,62300,62500,29205,9:14:06,1600,62205,62600,1600,9:14:06,20,62205,62645,1264,9:14:06,3503,62148,62800,9319,9:14:06,368,62100,62999,447
433,1397/7/18 9:14:06,200,62400,1521,62300,62500,29205,9:14:08,1600,62205,62600,5134,9:14:06,20,62205,62645,1264,9:14:06,3503,62148,62800,9319,9:14:06,368,62100,62999,447
434,1397/7/18 9:14:06,200,62400,1521,62300,62500,29205,9:14:08,1600,62205,62600,5134,9:14:06,20,62205,62645,1264,9:14:10,20,62199,62800,9319,9:14:10,3503,62148,62999,447
435,1397/7/18 9:14:14,200,62400,1257,62300,62500,29205,9:14:08,1600,62205,62600,5134,9:14:14,20,62205,62645,1000,9:14:10,20,62199,62800,9319,9:14:10,3503,62148,62999,447
436,1397/7/18 9:14:18,200,62400,257,62300,62500,29205,9:14:08,1600,62205,62600,5134,9:14:18,20,62205,62800,9319,9:14:18,20,62199,62999,447,9:14:18,3503,62148,63470,2410
437,1397/7/18 9:14:23,200,62400,257,62300,62500,29174,9:14:08,1600,62205,62600,5134,9:14:18,20,62205,62800,9319,9:14:18,20,62199,62999,447,9:14:18,3503,62148,63470,2410
438,1397/7/18 9:14:25,200,62400,257,62300,62500,32708,9:14:25,1600,62205,62600,1600,9:14:18,20,62205,62800,9319,9:14:18,20,62199,62999,447,9:14:18,3503,62148,63470,2410
439,1397/7/18 9:14:26,200,62400,207,62300,62500,32708,9:14:25,1600,62205,62600,1600,9:14:18,20,62205,62800,9319,9:14:18,20,62199,62999,447,9:14:18,3503,62148,63470,2410
440,1397/7/18 9:14:33,199,62400,20,62301,62500,33179,9:14:33,207,62300,62600,1600,9:14:33,1600,62300,62800,9319,9:14:33,20,62200,62999,447,9:14:18,3503,62148,63470,2410
441,1397/7/18 9:14:34,200,62400,64,62300,62500,33179,9:14:34,1600,62205,62600,1600,9:14:34,20,62205,62800,9319,9:14:34,3503,62148,62999,447,9:14:34,368,62100,63470,2410
442,1397/7/18 9:14:46,95,62252,1600,62205,62300,9255,9:14:46,20,62200,62500,33179,9:14:46,3503,62200,62600,1600,9:14:46,368,62100,62999,447,9:14:46,360,62046,63470,2410
443,1397/7/18 9:14:46,95,62252,1600,62205,62300,9255,9:14:46,20,62200,62500,33179,9:14:46,3503,62200,62600,1600,9:14:55,368,62100,63470,2410,9:14:55,360,62046,63500,1981
444,1397/7/18 9:14:57,5,62202,20,62200,62205,400,9:14:57,3503,62148,62300,9255,9:14:57,368,62148,62500,33179,9:14:57,360,62046,62600,1600,9:14:57,889,62000,63470,2410
445,1397/7/18 9:15:07,5,62202,50,62200,62205,400,9:14:57,3503,62148,62300,9255,9:14:57,368,62148,62500,33179,9:14:57,360,62046,62600,1600,9:14:57,889,62000,63470,2410
446,1397/7/18 9:15:14,46,62023,889,62000,62046,4974,9:15:14,10000,61500,62205,400,9:15:14,50,61500,62500,33179,9:15:14,50,60205,62600,1600,9:15:14,560,60190,63400,8000
447,1397/7/18 9:15:14,46,62023,889,62000,62046,4974,9:15:14,10000,61500,62205,400,9:15:14,50,61500,62500,33179,9:15:14,50,60205,62600,1600,9:15:20,560,60190,63370,1251
448,1397/7/18 9:15:21,546,61773,6189,61500,62046,4974,9:15:21,50,61111,62205,400,9:15:21,50,61111,62500,33179,9:15:21,560,60190,62600,1600,9:15:21,4377,60000,63370,1251
449,1397/7/18 9:15:29,545,61773,100,61501,62046,4974,9:15:29,6189,61500,62205,400,9:15:29,50,61500,62500,33179,9:15:29,50,60205,62600,1600,9:15:29,560,60190,63370,1251
450,1397/7/18 9:15:29,545,61773,100,61501,62046,4974,9:15:29,6189,61500,62205,400,9:15:36,50,61500,62499,29174,9:15:36,50,60205,62500,4005,9:15:36,560,60190,62600,1600
451,1397/7/18 9:15:37,546,61773,5765,61500,62046,4974,9:15:37,50,61111,62205,400,9:15:37,50,61111,62499,29174,9:15:37,560,60190,62500,4005,9:15:37,4377,60000,62600,1600
452,1397/7/18 9:15:39,546,61773,5765,61500,62046,4924,9:15:37,50,61111,62205,400,9:15:37,50,61111,62499,29174,9:15:37,560,60190,62500,4005,9:15:37,4377,60000,62600,1600
453,1397/7/18 9:15:39,546,61773,5765,61500,62046,4924,9:15:37,50,61111,62205,400,9:15:37,50,61111,62499,29174,9:15:37,560,60190,62500,4005,9:15:42,4377,60000,63370,1251
454,1397/7/18 9:15:43,545,61773,500,61501,62046,4924,9:15:43,5765,61500,62205,400,9:15:43,50,61500,62499,29174,9:15:43,50,60205,62500,4005,9:15:43,560,60190,63370,1251
455,1397/7/18 9:15:43,545,61773,500,61501,62046,4924,9:15:44,5765,61500,62205,1651,9:15:43,50,61500,62499,29174,9:15:43,50,60205,62500,4005,9:15:44,560,60190,63400,8000
456,1397/7/18 9:15:46,499,61750,500,61501,62000,3250,9:15:46,5765,61500,62046,4924,9:15:46,50,61500,62205,1651,9:15:46,50,60205,62499,29174,9:15:46,560,60190,62500,4005
457,1397/7/18 9:15:46,499,61750,500,61501,62000,3250,9:15:48,5765,61500,62040,15000,9:15:48,50,61500,62046,4924,9:15:48,50,60205,62205,1651,9:15:48,560,60190,62499,29174
458,1397/7/18 9:15:50,400,61800,3000,61600,62000,3250,9:15:50,500,61501,62040,15000,9:15:50,5765,61501,62046,4924,9:15:50,50,61111,62205,1651,9:15:50,50,60205,62499,29174
459,1397/7/18 9:15:53,400,61800,3000,61600,62000,4519,9:15:50,500,61501,62040,15000,9:15:50,5765,61501,62046,4924,9:15:50,50,61111,62205,1651,9:15:50,50,60205,62499,29174
460,1397/7/18 9:15:59,400,61800,3000,61600,62000,19519,9:15:59,1712,61501,62040,15000,9:15:50,5765,61501,62046,4924,9:15:50,50,61111,62205,1651,9:15:50,50,60205,62499,29174
461,1397/7/18 9:16:00,400,61800,2600,61600,62000,19519,9:16:00,1712,61501,62040,15027,9:15:50,5765,61501,62046,4924,9:16:00,50,61111,62205,1251,9:15:50,50,60205,62499,29174
462,1397/7/18 9:16:05,2000,61000,3136,60000,62000,19519,9:16:05,50,59885,62040,15027,9:16:05,17,59885,62046,4924,9:16:05,20053,59000,62205,1251,9:16:05,1000,58999,62499,29174
463,1397/7/18 9:16:10,2000,61000,3136,60000,62000,20519,9:16:05,50,59885,62040,15027,9:16:05,17,59885,62046,4924,9:16:05,20053,59000,62205,1251,9:16:05,1000,58999,62499,29174
464,1397/7/18 9:16:11,1810,61095,1653,60190,62000,20519,9:16:11,3136,60000,62040,15027,9:16:11,50,60000,62046,4924,9:16:11,17,59001,62205,1251,9:16:11,20053,59000,62499,29174
465,1397/7/18 9:16:25,1810,61095,1653,60190,62000,19250,9:16:11,3136,60000,62040,15027,9:16:11,50,60000,62046,4924,9:16:11,17,59001,62205,1251,9:16:11,20053,59000,62499,29174
466,1397/7/18 9:16:31,1810,61095,2153,60190,62000,19250,9:16:11,3136,60000,62040,15027,9:16:11,50,60000,62046,4924,9:16:11,17,59001,62205,1251,9:16:11,20053,59000,62499,29174
467,1397/7/18 9:16:34,1810,61095,2153,60190,62000,20280,9:16:11,3136,60000,62040,15027,9:16:11,50,60000,62046,4924,9:16:11,17,59001,62205,1251,9:16:11,20053,59000,62499,29174
468,1397/7/18 9:16:41,1800,61100,400,60200,62000,20280,9:16:41,2153,60190,62040,15027,9:16:41,3136,60190,62046,4924,9:16:41,50,59885,62205,1251,9:16:41,17,59001,62499,29174
469,1397/7/18 9:16:41,1800,61100,400,60200,62000,20280,9:16:41,2153,60190,62040,15027,9:16:42,1905,60190,62046,4924,9:16:42,3136,60000,62205,1251,9:16:42,50,59885,62499,29174
470,1397/7/18 9:16:41,1800,61100,400,60200,62000,20280,9:16:41,2153,60190,62040,15027,9:16:42,1905,60190,62046,4924,9:16:47,3169,60000,62205,1251,9:16:42,50,59885,62499,29174
471,1397/7/18 9:16:41,1800,61100,400,60200,62000,20280,9:16:41,2153,60190,62040,15027,9:16:48,25000,60190,62046,4924,9:16:48,1905,60001,62205,1251,9:16:48,3169,60000,62499,29174
472,1397/7/18 9:16:49,1800,61100,770,60200,62000,20280,9:16:41,2153,60190,62040,15027,9:16:48,25000,60190,62046,4924,9:16:48,1905,60001,62205,1251,9:16:48,3169,60000,62499,29174
473,1397/7/18 9:16:49,1800,61100,770,60200,62000,20280,9:16:41,2153,60190,62040,15027,9:16:51,25000,60190,62046,5179,9:16:48,1905,60001,62205,1251,9:16:48,3169,60000,62499,29174
474,1397/7/18 9:16:49,1800,61100,770,60200,62000,20280,9:16:41,2153,60190,62040,15027,9:16:51,25000,60190,62046,5179,9:16:48,1905,60001,62205,1251,9:16:55,53169,60000,62499,29174
475,1397/7/18 9:16:57,1800,61100,770,60200,62000,21475,9:16:41,2153,60190,62040,15027,9:16:51,25000,60190,62046,5179,9:16:48,1905,60001,62205,1251,9:16:55,53169,60000,62499,29174
476,1397/7/18 9:16:58,1300,60850,770,60200,61500,4686,9:16:58,2153,60190,62000,21475,9:16:58,25000,60190,62040,15027,9:16:58,1905,60001,62046,5179,9:16:58,53169,60000,62205,1251
477,1397/7/18 9:16:58,1300,60850,770,60200,61500,4686,9:17:02,2153,60190,62000,21775,9:16:58,25000,60190,62040,15027,9:16:58,1905,60001,62046,5179,9:16:58,53169,60000,62205,1251
478,1397/7/18 9:16:58,1300,60850,770,60200,61500,4686,9:17:02,2153,60190,62000,21775,9:16:58,25000,60190,62040,15027,9:16:58,1905,60001,62046,5179,9:17:03,53201,60000,62205,1251
479,1397/7/18 9:16:58,1300,60850,770,60200,61500,4686,9:17:02,2153,60190,62000,21775,9:17:10,25000,60190,62005,1251,9:17:10,1905,60001,62040,15027,9:17:10,68201,60000,62046,5179
480,1397/7/18 9:16:58,1300,60850,770,60200,61500,4686,9:17:02,2153,60190,62000,21775,9:17:10,25000,60190,62005,1251,9:17:12,2405,60001,62040,15027,9:17:10,68201,60000,62046,5179
481,1397/7/18 9:16:58,1300,60850,770,60200,61500,4686,9:17:02,2153,60190,62000,21775,9:17:10,25000,60190,62005,1251,9:17:12,2405,60001,62040,15027,9:17:13,68301,60000,62046,5179
482,1397/7/18 9:17:14,1200,60900,7428,60300,61500,4686,9:17:14,770,60200,62000,21775,9:17:14,2153,60200,62005,1251,9:17:14,25000,60002,62040,15027,9:17:14,2405,60001,62046,5179
483,1397/7/18 9:17:20,1200,60900,7428,60300,61500,4669,9:17:20,770,60200,61900,1000,9:17:20,2153,60200,62000,20775,9:17:20,25000,60002,62005,1251,9:17:20,2405,60001,62040,15027
484,1397/7/18 9:17:20,1200,60900,7428,60300,61500,4669,9:17:20,770,60200,61900,1000,9:17:21,2153,60200,61990,1851,9:17:21,25000,60002,62000,20775,9:17:21,2405,60001,62005,1251
485,1397/7/18 9:17:23,1199,60900,400,60301,61500,4669,9:17:23,7428,60300,61900,1000,9:17:23,370,60300,61990,1851,9:17:23,2153,60190,62000,20775,9:17:23,25000,60002,62005,1251
486,1397/7/18 9:17:23,1199,60900,400,60301,61500,4669,9:17:23,7428,60300,61900,1000,9:17:23,370,60300,61990,1851,9:17:23,2153,60190,62000,20775,9:17:25,15000,60020,62005,1251
487,1397/7/18 9:17:30,1199,60900,900,60301,61500,4669,9:17:23,7428,60300,61900,1000,9:17:23,370,60300,61990,1851,9:17:23,2153,60190,62000,20775,9:17:25,15000,60020,62005,1251
488,1397/7/18 9:17:36,1199,60900,900,60301,61500,5140,9:17:23,7428,60300,61900,1000,9:17:23,370,60300,61990,1851,9:17:23,2153,60190,62000,20775,9:17:25,15000,60020,62005,1251
489,1397/7/18 9:17:36,1199,60900,900,60301,61500,5140,9:17:37,7448,60300,61900,1000,9:17:23,370,60300,61990,1851,9:17:23,2153,60190,62000,20775,9:17:25,15000,60020,62005,1251
490,1397/7/18 9:17:41,1198,60900,900,60301,61499,200,9:17:41,7448,60300,61500,5140,9:17:41,370,60300,61900,1000,9:17:41,2153,60190,61990,1851,9:17:41,15000,60020,62000,20775
491,1397/7/18 9:17:49,1198,60900,932,60301,61499,200,9:17:41,7448,60300,61500,5140,9:17:41,370,60300,61900,1000,9:17:41,2153,60190,61990,1851,9:17:41,15000,60020,62000,20775
492,1397/7/18 9:17:50,1197,60900,80,60302,61499,200,9:17:50,932,60301,61500,5140,9:17:50,7448,60301,61900,1000,9:17:50,370,60200,61990,1851,9:17:50,2153,60190,62000,20775
493,1397/7/18 9:17:52,1198,60901,80,60302,61500,4626,9:17:52,932,60301,61900,1000,9:17:52,7448,60301,61990,1851,9:17:52,370,60200,62000,20775,9:17:52,2153,60190,62005,1251
494,1397/7/18 9:17:56,1100,60950,370,60400,61500,4626,9:17:56,80,60302,61900,1000,9:17:56,932,60302,61990,1851,9:17:56,7448,60300,62000,20775,9:17:52,2153,60190,62005,1251
495,1397/7/18 9:17:56,1100,60950,370,60400,61500,4626,9:17:57,480,60302,61900,1000,9:17:57,532,60302,61990,1851,9:17:56,7448,60300,62000,20775,9:17:52,2153,60190,62005,1251
496,1397/7/18 9:17:56,1100,60950,370,60400,61500,4626,9:17:59,500,60310,61900,1000,9:17:59,950,60310,61990,1851,9:17:59,532,60301,62000,20775,9:17:59,7448,60300,62005,1251
497,1397/7/18 9:17:56,1100,60950,370,60400,61500,4626,9:17:59,500,60310,61900,1000,9:17:59,950,60310,61990,1851,9:17:59,532,60301,62000,20775,9:18:03,7428,60300,62005,1251
498,1397/7/18 9:17:56,1100,60950,370,60400,61500,4626,9:17:59,500,60310,61900,1000,9:18:05,20,60310,61990,1851,9:18:05,950,60302,62000,20775,9:18:05,532,60301,62005,1251
499,1397/7/18 9:18:09,1100,60950,870,60400,61500,4626,9:18:09,20,60303,61900,1000,9:18:09,950,60303,61990,1851,9:18:09,532,60301,62000,20775,9:18:09,7428,60300,62005,1251
500,1397/7/18 9:18:09,1100,60950,870,60400,61500,4626,9:18:09,20,60303,61900,1000,9:18:09,950,60303,61990,1851,9:18:13,532,60301,62000,5775,9:18:09,7428,60300,62005,1251
501,1397/7/18 9:18:14,1000,61000,65000,60500,61500,4626,9:18:14,1270,60400,61900,1000,9:18:14,20,60400,61990,1851,9:18:14,550,60302,62000,5775,9:18:14,532,60301,62005,1251
502,1397/7/18 9:18:14,1000,61000,65000,60500,61500,4626,9:18:14,1270,60400,61900,1000,9:18:16,550,60400,61990,1851,9:18:16,532,60301,62000,5775,9:18:16,7428,60300,62005,1251
503,1397/7/18 9:18:21,1000,61000,65020,60500,61500,4626,9:18:21,1302,60400,61900,1000,9:18:16,550,60400,61990,1851,9:18:21,500,60301,62000,5775,9:18:16,7428,60300,62005,1251
504,1397/7/18 9:18:24,999,61000,400,60501,61500,4626,9:18:24,65020,60500,61900,1000,9:18:24,902,60500,61990,1851,9:18:24,550,60302,62000,5775,9:18:24,500,60301,62005,1251
505,1397/7/18 9:18:24,999,61000,400,60501,61500,4626,9:18:24,65020,60500,61900,1000,9:18:24,902,60500,61990,1851,9:18:25,600,60304,62000,5775,9:18:25,550,60302,62005,1251
506,1397/7/18 9:18:26,999,61000,2400,60501,61500,4626,9:18:24,65020,60500,61900,1000,9:18:24,902,60500,61990,1851,9:18:25,600,60304,62000,5775,9:18:25,550,60302,62005,1251
507,1397/7/18 9:18:28,999,61000,2900,60501,61500,4626,9:18:24,65020,60500,61900,1000,9:18:24,902,60500,61990,1851,9:18:25,600,60304,62000,5775,9:18:25,550,60302,62005,1251
508,1397/7/18 9:18:28,999,61000,2900,60501,61500,4626,9:18:29,65120,60500,61900,1000,9:18:24,902,60500,61990,1851,9:18:25,600,60304,62000,5775,9:18:25,550,60302,62005,1251
509,1397/7/18 9:18:40,997,61001,30,60503,61500,4626,9:18:40,2900,60501,61900,1000,9:18:40,65120,60501,61990,1851,9:18:40,870,60400,62000,5775,9:18:40,600,60304,62005,1251
510,1397/7/18 9:18:40,997,61001,30,60503,61500,4626,9:18:41,2900,60501,61990,1851,9:18:41,65120,60501,62000,5775,9:18:41,870,60400,62005,1251,9:18:41,600,60304,62040,15027
511,1397/7/18 9:18:45,995,61002,500,60505,61500,4626,9:18:45,30,60503,61990,1851,9:18:45,2400,60503,62000,5775,9:18:45,65120,60500,62005,1251,9:18:45,902,60400,62040,15027
512,1397/7/18 9:18:49,995,61002,575,60505,61500,4626,9:18:45,30,60503,61990,1851,9:18:45,2400,60503,62000,5775,9:18:45,65120,60500,62005,1251,9:18:45,902,60400,62040,15027
513,1397/7/18 9:18:49,995,61002,575,60505,61500,4626,9:18:45,30,60503,61990,1851,9:18:45,2400,60503,62000,5775,9:18:51,65100,60500,62005,1251,9:18:45,902,60400,62040,15027
514,1397/7/18 9:18:52,995,61002,595,60505,61500,4626,9:18:45,30,60503,61990,1851,9:18:45,2400,60503,62000,5775,9:18:51,65100,60500,62005,1251,9:18:45,902,60400,62040,15027
515,1397/7/18 9:18:54,994,61003,400,60506,61500,4626,9:18:54,595,60505,61990,1851,9:18:54,30,60505,62000,5775,9:18:54,2000,60501,62005,1251,9:18:54,65100,60500,62040,15027
516,1397/7/18 9:18:55,994,61003,870,60506,61500,4626,9:18:54,595,60505,61990,1851,9:18:54,30,60505,62000,5775,9:18:54,2000,60501,62005,1251,9:18:54,65100,60500,62040,15027
517,1397/7/18 9:19:03,991,61004,500,60509,61500,4626,9:19:03,870,60506,61990,1851,9:19:03,95,60506,62000,5775,9:19:03,30,60503,62005,1251,9:19:03,2000,60501,62040,15027
518,1397/7/18 9:19:03,991,61004,500,60509,61500,4626,9:19:03,870,60506,61990,1851,9:19:07,75,60506,62000,5775,9:19:03,30,60503,62005,1251,9:19:03,2000,60501,62040,15027
519,1397/7/18 9:19:03,991,61004,500,60509,61500,4626,9:19:08,30,60507,61990,1851,9:19:08,870,60507,62000,5775,9:19:08,75,60505,62005,1251,9:19:03,2000,60501,62040,15027
520,1397/7/18 9:19:09,990,61005,300,60510,61500,4626,9:19:09,500,60509,61990,1851,9:19:09,30,60509,62000,5775,9:19:09,870,60506,62005,1251,9:19:09,75,60505,62040,15027
521,1397/7/18 9:19:11,900,61050,7309,60600,61500,4626,9:19:11,320,60510,61990,1851,9:19:11,500,60510,62000,5775,9:19:11,30,60507,62005,1251,9:19:11,870,60506,62040,15027
522,1397/7/18 9:19:18,899,61050,400,60601,61500,4626,9:19:18,7309,60600,61990,1851,9:19:18,320,60600,62000,5775,9:19:18,500,60509,62005,1251,9:19:18,30,60507,62040,15027
523,1397/7/18 9:19:19,899,61050,475,60601,61500,4626,9:19:18,7309,60600,61990,1851,9:19:18,320,60600,62000,5775,9:19:18,500,60509,62005,1251,9:19:18,30,60507,62040,15027
524,1397/7/18 9:19:21,899,61050,475,60601,61500,4466,9:19:18,7309,60600,61990,1851,9:19:21,300,60600,62000,5775,9:19:18,500,60509,62005,1251,9:19:18,30,60507,62040,15027
525,1397/7/18 9:19:22,899,61050,975,60601,61500,4466,9:19:18,7309,60600,61990,1851,9:19:21,300,60600,62000,5775,9:19:22,30,60507,62005,1251,9:19:22,2123,60506,62040,15027
526,1397/7/18 9:19:25,890,61055,20,60610,61500,4466,9:19:25,975,60601,61990,1851,9:19:25,7309,60601,62000,5775,9:19:25,300,60510,62005,1251,9:19:25,30,60507,62040,15027
527,1397/7/18 9:19:25,890,61055,20,60610,61500,4466,9:19:29,1075,60601,61990,1851,9:19:25,7309,60601,62000,5775,9:19:25,300,60510,62005,1251,9:19:25,30,60507,62040,15027
528,1397/7/18 9:19:32,880,61060,300,60620,61500,4466,9:19:32,20,60610,61990,1851,9:19:32,1075,60610,62000,5775,9:19:32,7309,60600,62005,1251,9:19:25,30,60507,62040,15027
529,1397/7/18 9:19:32,880,61060,300,60620,61500,4466,9:19:33,420,60610,61990,1851,9:19:33,675,60610,62000,5775,9:19:32,7309,60600,62005,1251,9:19:25,30,60507,62040,15027
530,1397/7/18 9:19:32,880,61060,300,60620,61500,4466,9:19:33,420,60610,61990,1851,9:19:39,75,60610,62000,5775,9:19:39,600,60601,62005,1251,9:19:39,7309,60600,62040,15027
531,1397/7/18 9:19:32,880,61060,300,60620,61500,4466,9:19:33,420,60610,61990,1851,9:19:43,75,60610,62000,7775,9:19:39,600,60601,62005,1251,9:19:39,7309,60600,62040,15027
532,1397/7/18 9:19:44,878,61059,300,60620,61498,500,9:19:44,420,60610,61500,4466,9:19:44,75,60610,61990,1851,9:19:44,600,60601,62000,7775,9:19:44,7309,60600,62005,1251
533,1397/7/18 9:19:44,878,61059,300,60620,61498,500,9:19:44,420,60610,61500,4466,9:19:44,75,60610,61990,1851,9:19:45,1600,60602,62000,7775,9:19:45,600,60601,62005,1251
534,1397/7/18 9:19:56,48,61474,3000,61450,61498,500,9:19:56,300,60620,61500,4466,9:19:56,420,60620,61990,1851,9:19:56,75,60603,62000,7775,9:19:56,1600,60602,62005,1251
535,1397/7/18 9:19:56,48,61474,3000,61450,61498,500,9:19:59,400,60620,61500,4466,9:19:59,1220,60620,61990,1851,9:19:56,75,60603,62000,7775,9:19:56,1600,60602,62005,1251
536,1397/7/18 9:19:56,48,61474,3000,61450,61498,500,9:20:02,1100,60621,61500,4466,9:20:02,400,60621,61990,1851,9:20:02,1220,60610,62000,7775,9:20:02,75,60603,62005,1251
537,1397/7/18 9:20:09,48,61474,2976,61450,61498,500,9:20:02,1100,60621,61500,4466,9:20:02,400,60621,61990,1851,9:20:02,1220,60610,62000,7775,9:20:02,75,60603,62005,1251
538,1397/7/18 9:20:12,48,61474,3006,61450,61498,500,9:20:02,1100,60621,61500,4466,9:20:02,400,60621,61990,1851,9:20:02,1220,60610,62000,7775,9:20:02,75,60603,62005,1251
539,1397/7/18 9:20:12,48,61474,3006,61450,61498,500,9:20:17,7309,60650,61500,4466,9:20:17,1100,60650,61990,1851,9:20:17,400,60620,62000,7775,9:20:17,1220,60610,62005,1251
540,1397/7/18 9:20:12,48,61474,3006,61450,61498,500,9:20:24,400,60651,61500,4466,9:20:24,7309,60651,61990,1851,9:20:24,1100,60621,62000,7775,9:20:24,400,60620,62005,1251
541,1397/7/18 9:20:29,48,61474,3006,61450,61498,971,9:20:29,400,60651,61500,3995,9:20:24,7309,60651,61990,1851,9:20:29,4500,60630,62000,7775,9:20:29,1100,60621,62005,1251
542,1397/7/18 9:20:35,50,61475,3006,61450,61500,3366,9:20:35,400,60651,61990,1851,9:20:35,7309,60651,62000,7775,9:20:35,4500,60630,62005,1251,9:20:35,1100,60621,62040,15027
543,1397/7/18 9:20:40,50,61475,2706,61450,61500,3366,9:20:35,400,60651,61990,1851,9:20:35,7309,60651,62000,7775,9:20:35,4500,60630,62005,1251,9:20:35,1100,60621,62040,15027
544,1397/7/18 9:20:42,50,61475,2676,61450,61500,3366,9:20:42,432,60651,61990,1851,9:20:35,7309,60651,62000,7775,9:20:35,4500,60630,62005,1251,9:20:35,1100,60621,62040,15027
545,1397/7/18 9:20:46,50,61475,2676,61450,61500,3066,9:20:42,432,60651,61990,1851,9:20:35,7309,60651,62000,7775,9:20:35,4500,60630,62005,1251,9:20:35,1100,60621,62040,15027
546,1397/7/18 9:20:48,40,61480,150,61460,61500,3066,9:20:48,2676,61450,61990,1851,9:20:48,432,61450,62000,7775,9:20:48,7309,60650,62005,1251,9:20:48,4500,60630,62040,15027
547,1397/7/18 9:20:49,40,61480,150,61460,61500,3046,9:20:48,2676,61450,61990,1851,9:20:48,432,61450,62000,7775,9:20:48,7309,60650,62005,1251,9:20:48,4500,60630,62040,15027
548,1397/7/18 9:20:49,40,61480,150,61460,61500,3046,9:20:59,3176,61450,61990,1851,9:20:48,432,61450,62000,7775,9:20:48,7309,60650,62005,1251,9:20:48,4500,60630,62040,15027
549,1397/7/18 9:21:02,40,61480,150,61460,61500,2146,9:20:59,3176,61450,61990,1851,9:20:48,432,61450,62000,7775,9:20:48,7309,60650,62005,1251,9:20:48,4500,60630,62040,15027
550,1397/7/18 9:21:02,40,61480,150,61460,61500,2146,9:20:59,3176,61450,61990,1851,9:20:48,432,61450,62000,7775,9:21:09,4500,60630,62005,1251,9:21:09,1100,60621,62040,15027
551,1397/7/18 9:21:11,40,61480,150,61460,61500,2300,9:20:59,3176,61450,61990,1851,9:20:48,432,61450,62000,7775,9:21:09,4500,60630,62005,1251,9:21:09,1100,60621,62040,15027
552,1397/7/18 9:21:12,40,61480,150,61460,61500,154,9:20:59,3176,61450,61990,1851,9:20:48,432,61450,62000,7775,9:21:09,4500,60630,62005,1251,9:21:09,1100,60621,62040,15027
553,1397/7/18 9:21:15,530,61725,150,61460,61990,1851,9:21:15,3176,61450,62000,7775,9:21:15,432,61450,62005,1251,9:21:15,4500,60630,62040,15027,9:21:15,1100,60621,62046,5179
554,1397/7/18 9:21:15,530,61725,150,61460,61990,1851,9:21:19,3241,61450,62000,7775,9:21:15,432,61450,62005,1251,9:21:15,4500,60630,62040,15027,9:21:15,1100,60621,62046,5179
555,1397/7/18 9:21:22,530,61725,230,61460,61990,1851,9:21:19,3241,61450,62000,7775,9:21:15,432,61450,62005,1251,9:21:15,4500,60630,62040,15027,9:21:15,1100,60621,62046,5179
556,1397/7/18 9:21:22,530,61725,230,61460,61990,1851,9:21:19,3241,61450,62000,7775,9:21:15,432,61450,62005,1251,9:21:15,4500,60630,62040,15027,9:21:28,1200,60621,62046,5179
557,1397/7/18 9:21:30,1490,61245,69980,60500,61990,1851,9:21:30,532,60400,62000,7775,9:21:30,600,60400,62005,1251,9:21:30,500,60190,62040,15027,9:21:30,25000,60002,62046,5179
558,1397/7/18 9:21:33,490,61745,20,61500,61990,1851,9:21:33,69980,60500,62000,7775,9:21:33,532,60500,62005,1251,9:21:33,600,60304,62040,15027,9:21:33,500,60190,62046,5179
559,1397/7/18 9:21:37,490,61745,20,61500,61990,1834,9:21:33,69980,60500,62000,7775,9:21:33,532,60500,62005,1251,9:21:33,600,60304,62040,15027,9:21:33,500,60190,62046,5179
560,1397/7/18 9:21:37,490,61745,20,61500,61990,1834,9:21:38,500,61000,62000,7775,9:21:38,69980,61000,62005,1251,9:21:38,532,60400,62040,15027,9:21:38,600,60304,62046,5179
561,1397/7/18 9:21:37,490,61745,20,61500,61990,1834,9:21:38,500,61000,62000,7775,9:21:47,50,61000,62005,1251,9:21:47,69980,60500,62040,15027,9:21:47,532,60400,62046,5179
562,1397/7/18 9:21:51,489,61745,200,61501,61990,1834,9:21:51,20,61500,62000,7775,9:21:51,500,61500,62005,1251,9:21:51,50,60651,62040,15027,9:21:51,69980,60500,62046,5179
563,1397/7/18 9:21:54,479,61740,200,61501,61980,15000,9:21:54,20,61500,61990,2834,9:21:54,500,61500,62000,7775,9:21:54,50,60651,62005,1251,9:21:54,69980,60500,62040,27
564,1397/7/18 9:22:03,1,61500,20,61500,61501,247,9:22:03,500,61000,61980,15000,9:22:03,50,61000,61990,2834,9:22:03,69980,60500,62000,7775,9:22:03,632,60400,62005,1251
565,1397/7/18 9:22:03,1,61500,20,61500,61501,247,9:22:03,500,61000,61980,15000,9:22:03,50,61000,61990,2834,9:22:06,3000,60501,62000,7775,9:22:06,69980,60500,62005,1251
566,1397/7/18 9:22:03,1,61500,20,61500,61501,247,9:22:03,500,61000,61980,15000,9:22:03,50,61000,61990,2834,9:22:08,4500,60630,62000,7775,9:22:08,3000,60501,62005,1251
567,1397/7/18 9:22:15,1,61500,380,61500,61501,247,9:22:03,500,61000,61980,15000,9:22:15,500,61000,61990,2834,9:22:15,50,60651,62000,7775,9:22:15,4500,60630,62005,1251
568,1397/7/18 9:22:15,1,61500,380,61500,61501,247,9:22:16,200,61002,61980,15000,9:22:16,500,61002,61990,2834,9:22:16,500,60800,62000,7775,9:22:16,50,60651,62005,1251
569,1397/7/18 9:22:19,350,61805,4253,61630,61980,15000,9:22:19,380,61500,61990,2834,9:22:19,200,61500,62000,7775,9:22:19,500,61000,62005,1251,9:22:19,500,60800,62040,27
570,1397/7/18 9:22:23,1480,61240,58863,60500,61980,15000,9:22:23,632,60400,61990,2834,9:22:23,600,60400,62000,7775,9:22:23,500,60190,62005,1251,9:22:23,1905,60001,62040,27
571,1397/7/18 9:22:24,1328,61316,4000,60652,61980,15000,9:22:24,58863,60500,61990,2834,9:22:24,632,60500,62000,7775,9:22:24,600,60304,62005,1251,9:22:24,500,60190,62040,27
572,1397/7/18 9:22:29,480,61740,2000,61500,61980,15000,9:22:29,4000,60652,61990,2834,9:22:29,58863,60652,62000,7775,9:22:29,632,60400,62005,1251,9:22:29,600,60304,62040,27
573,1397/7/18 9:22:31,470,61735,2000,61500,61970,1834,9:22:31,4000,60652,61980,15000,9:22:31,58863,60652,61990,1000,9:22:31,632,60400,62000,7775,9:22:31,600,60304,62005,1251
574,1397/7/18 9:22:33,470,61735,2500,61500,61970,1834,9:22:31,4000,60652,61980,15000,9:22:31,58863,60652,61990,1000,9:22:33,132,60400,62000,7775,9:22:31,600,60304,62005,1251
575,1397/7/18 9:22:38,480,61740,666,61500,61980,15000,9:22:38,4000,60652,61990,1000,9:22:38,58863,60652,62000,7775,9:22:38,132,60400,62005,1251,9:22:38,600,60304,62040,27
576,1397/7/18 9:22:38,480,61740,666,61500,61980,15000,9:22:38,4000,60652,61990,1000,9:22:39,4500,60652,62000,7775,9:22:39,58863,60500,62005,1251,9:22:39,132,60400,62040,27
577,1397/7/18 9:22:38,480,61740,666,61500,61980,15000,9:22:42,9000,60652,61990,1000,9:22:39,4500,60652,62000,7775,9:22:39,58863,60500,62005,1251,9:22:39,132,60400,62040,27
578,1397/7/18 9:22:49,480,61740,166,61500,61980,15000,9:22:42,9000,60652,61990,1000,9:22:39,4500,60652,62000,7775,9:22:39,58863,60500,62005,1251,9:22:39,132,60400,62040,27
579,1397/7/18 9:22:49,480,61740,166,61500,61980,15000,9:22:52,4500,60660,61990,1000,9:22:52,9000,60660,62000,7775,9:22:39,58863,60500,62005,1251,9:22:39,132,60400,62040,27
580,1397/7/18 9:22:53,840,61080,4500,60660,61500,334,9:22:53,9000,60652,61980,15000,9:22:53,58863,60652,61990,1000,9:22:53,132,60400,62000,7775,9:22:53,600,60304,62005,1251
581,1397/7/18 9:22:55,840,61080,4500,60660,61500,1134,9:22:53,9000,60652,61980,15000,9:22:53,58863,60652,61990,1000,9:22:53,132,60400,62000,7775,9:22:53,600,60304,62005,1251
582,1397/7/18 9:22:55,840,61080,4500,60660,61500,1134,9:22:59,9000,60652,61980,15120,9:22:53,58863,60652,61990,1000,9:22:53,132,60400,62000,7775,9:22:53,600,60304,62005,1251
583,1397/7/18 9:22:55,840,61080,4500,60660,61500,1134,9:22:59,9000,60652,61980,15120,9:23:03,64863,60652,61990,1000,9:22:53,132,60400,62000,7775,9:22:53,600,60304,62005,1251
584,1397/7/18 9:23:05,830,61085,500,60670,61500,1134,9:23:05,4500,60660,61980,15120,9:23:05,9000,60660,61990,1000,9:23:05,64863,60500,62000,7775,9:23:05,132,60400,62005,1251
585,1397/7/18 9:23:08,848,61076,1000,60652,61500,1134,9:23:08,64863,60500,61980,15120,9:23:08,132,60500,61990,1000,9:23:08,600,60304,62000,7775,9:23:08,500,60190,62005,1251
586,1397/7/18 9:23:15,847,61076,4000,60653,61500,1134,9:23:15,1000,60652,61980,15120,9:23:15,64863,60652,61990,1000,9:23:15,132,60400,62000,7775,9:23:15,600,60304,62005,1251
587,1397/7/18 9:23:17,847,61076,4000,60653,61500,2134,9:23:15,1000,60652,61980,15120,9:23:17,64863,60652,62000,7775,9:23:17,132,60400,62005,1251,9:23:17,600,60304,62040,27
588,1397/7/18 9:23:21,847,61076,4000,60653,61500,1334,9:23:21,1000,60652,61900,800,9:23:21,64863,60652,61980,15120,9:23:21,132,60400,62000,7775,9:23:21,600,60304,62005,1251
589,1397/7/18 9:23:29,847,61076,4000,60653,61500,1317,9:23:21,1000,60652,61900,800,9:23:21,64863,60652,61980,15120,9:23:21,132,60400,62000,7775,9:23:21,600,60304,62005,1251
