,time1,Spread,Mid-price,volume_buy1,price_buy1,price_sell1,volume_sell1,time2,volume_buy2,price_buy2,price_sell2,volume_sell2,time3,volume_buy3,price_buy3,price_sell3,volume_sell3,time4,volume_buy4,price_buy4,price_sell4,volume_sell4,time5,volume_buy5,price_buy5,price_sell5,volume_sell5
0,1397/7/28 6:01:25,3296,68348,2458,66700,69996,2205,6:01:25,1135,65089,70099,16800,6:01:25,494,65089,70990,4499,6:01:25,159,62300,70999,5781,6:01:25,20,61000,71499,5000
1,1397/7/28 8:30:21,3296,68348,2608,66700,69996,4205,6:01:25,1135,65089,70099,16800,6:01:25,494,65089,70990,4499,6:01:25,159,62300,70999,5781,6:01:25,20,61000,71499,5000
2,1397/7/28 8:30:24,0,69996,715,69996,69996,4205,8:30:24,2608,66700,70099,16800,8:30:24,1135,66700,70990,4499,8:30:24,494,62301,70999,5781,8:30:24,159,62300,71499,5000
3,1397/7/28 8:30:26,0,69996,715,69996,69996,4689,8:30:24,2608,66700,70099,16800,8:30:26,62,66700,70990,4499,8:30:26,1135,65089,70999,5781,8:30:26,494,62301,71499,5000
4,1397/7/28 8:30:32,0,66700,3323,66700,66700,884,8:30:32,62,65100,69996,4205,8:30:32,1135,65100,70099,16800,8:30:32,494,62301,70990,4499,8:30:32,159,62300,70999,5781
5,1397/7/28 8:30:50,0,69996,992,69996,69996,5089,8:30:50,2608,66700,70099,16800,8:30:50,62,66700,70990,4499,8:30:50,1135,65089,70999,5781,8:30:50,494,62301,71499,5000
6,1397/7/28 8:31:04,0,69996,992,69996,69996,3089,8:30:50,2608,66700,70099,16800,8:31:04,62,66700,70500,2000,8:31:04,1135,65089,70990,4499,8:31:04,494,62301,70999,5781
7,1397/7/28 8:31:04,0,69996,992,69996,69996,3089,8:30:50,2608,66700,70099,16800,8:31:04,62,66700,70500,2000,8:31:04,1135,65089,70990,4499,8:31:06,100,65005,70999,5781
8,1397/7/28 8:31:04,0,69996,992,69996,69996,3089,8:31:07,300,68000,70099,16800,8:31:07,2608,68000,70500,2000,8:31:07,62,65100,70990,4499,8:31:07,1135,65089,70999,5781
9,1397/7/28 8:31:04,0,69996,992,69996,69996,3089,8:31:07,300,68000,70099,16800,8:31:07,2608,68000,70500,2000,8:31:17,2180,66000,70990,4499,8:31:17,62,65100,70999,5781
10,1397/7/28 8:31:04,0,69996,992,69996,69996,3089,8:31:07,300,68000,70099,16800,8:31:07,2608,68000,70500,2000,8:31:17,2180,66000,70990,4499,8:31:21,462,65100,70999,5781
11,1397/7/28 8:31:04,0,69996,992,69996,69996,3089,8:31:07,300,68000,70099,16800,8:31:07,2608,68000,70500,2000,8:31:51,462,65100,70990,4499,8:31:51,1135,65089,70999,5781
12,1397/7/28 8:31:04,0,69996,992,69996,69996,3089,8:31:57,290,68500,70099,16800,8:31:57,300,68500,70500,2000,8:31:57,2608,66700,70990,4499,8:31:57,462,65100,70999,5781
13,1397/7/28 8:32:11,0,69996,992,69996,69996,3163,8:31:57,290,68500,70099,16800,8:31:57,300,68500,70500,2000,8:31:57,2608,66700,70990,4499,8:31:57,462,65100,70999,5781
14,1397/7/28 8:32:11,0,69996,992,69996,69996,3163,8:31:57,290,68500,70099,16800,8:31:57,300,68500,70500,2000,8:32:12,2855,66700,70990,4499,8:31:57,462,65100,70999,5781
15,1397/7/28 8:32:14,0,69996,3049,69996,69996,3163,8:31:57,290,68500,70099,16800,8:31:57,300,68500,70500,2000,8:32:12,2855,66700,70990,4499,8:31:57,462,65100,70999,5781
16,1397/7/28 8:32:14,0,69996,3049,69996,69996,3163,8:32:20,288,69000,70099,16800,8:32:20,290,69000,70500,2000,8:32:20,300,68000,70990,4499,8:32:20,2855,66700,70999,5781
17,1397/7/28 8:32:14,0,69996,3049,69996,69996,3163,8:32:20,288,69000,70099,16800,8:32:20,290,69000,70500,2000,8:32:22,300,68000,70674,1421,8:32:22,2855,66700,70990,4499
18,1397/7/28 8:32:14,0,69996,3049,69996,69996,3163,8:32:35,143,69500,70099,16800,8:32:35,288,69500,70500,2000,8:32:35,290,68500,70674,1421,8:32:35,300,68000,70990,4499
19,1397/7/28 8:32:36,0,69996,3078,69996,69996,3163,8:32:35,143,69500,70099,16800,8:32:35,288,69500,70500,2000,8:32:35,290,68500,70674,1421,8:32:35,300,68000,70990,4499
20,1397/7/28 8:33:13,0,69996,3128,69996,69996,3163,8:32:35,143,69500,70099,16800,8:32:35,288,69500,70500,2000,8:32:35,290,68500,70674,1421,8:32:35,300,68000,70990,4499
21,1397/7/28 8:33:18,0,69996,3428,69996,69996,3163,8:32:35,143,69500,70099,16800,8:32:35,288,69500,70500,2000,8:32:35,290,68500,70674,1421,8:32:35,300,68000,70990,4499
22,1397/7/28 8:33:18,0,69996,3428,69996,69996,3163,8:34:02,143,69500,70090,4510,8:34:02,288,69500,70099,16800,8:34:02,290,68500,70500,2000,8:34:02,300,68000,70674,1421
23,1397/7/28 8:34:20,0,69996,3578,69996,69996,3163,8:34:02,143,69500,70090,4510,8:34:02,288,69500,70099,16800,8:34:02,290,68500,70500,2000,8:34:02,300,68000,70674,1421
24,1397/7/28 8:35:11,0,69996,3278,69996,69996,3163,8:34:02,143,69500,70090,4510,8:34:02,288,69500,70099,16800,8:34:02,290,68500,70500,2000,8:34:02,300,68000,70674,1421
25,1397/7/28 8:35:37,0,69996,3278,69996,69996,2679,8:34:02,143,69500,70090,4510,8:34:02,288,69500,70099,16800,8:34:02,290,68500,70500,2000,8:34:02,300,68000,70674,1421
26,1397/7/28 8:36:10,0,69996,3278,69996,69996,3039,8:34:02,143,69500,70090,4510,8:34:02,288,69500,70099,16800,8:34:02,290,68500,70500,2000,8:34:02,300,68000,70674,1421
27,1397/7/28 8:36:46,0,69996,3562,69996,69996,3039,8:34:02,143,69500,70090,4510,8:34:02,288,69500,70099,16800,8:34:02,290,68500,70500,2000,8:34:02,300,68000,70674,1421
28,1397/7/28 8:36:46,0,69996,3562,69996,69996,3039,8:34:02,143,69500,70090,4510,8:34:02,288,69500,70099,16800,8:34:02,290,68500,70500,2000,8:36:55,410,68000,70674,1421
29,1397/7/28 8:36:46,0,69996,3562,69996,69996,3039,8:37:14,143,69500,70000,10,8:37:14,288,69500,70090,4510,8:37:14,290,68500,70099,16800,8:37:14,410,68000,70500,2000
30,1397/7/28 8:37:19,0,69996,3562,69996,69996,4039,8:37:14,143,69500,70000,10,8:37:14,288,69500,70090,4510,8:37:14,290,68500,70099,16800,8:37:14,410,68000,70500,2000
31,1397/7/28 8:37:19,0,69996,3562,69996,69996,4039,8:37:29,28,69501,70000,10,8:37:29,143,69501,70090,4510,8:37:29,288,69000,70099,16800,8:37:29,290,68500,70500,2000
32,1397/7/28 8:37:19,0,69996,3562,69996,69996,4039,8:37:42,28,69501,70090,4510,8:37:42,143,69501,70099,16800,8:37:42,288,69000,70500,2000,8:37:42,290,68500,70674,1421
33,1397/7/28 8:37:55,0,69996,3592,69996,69996,4039,8:37:42,28,69501,70090,4510,8:37:42,143,69501,70099,16800,8:37:42,288,69000,70500,2000,8:37:42,290,68500,70674,1421
34,1397/7/28 8:37:55,0,69996,3592,69996,69996,4039,8:38:02,28,69501,70099,16800,8:38:02,143,69501,70500,2000,8:38:02,288,69000,70674,1421,8:38:02,290,68500,70999,5781
35,1397/7/28 8:37:55,0,69996,3592,69996,69996,4039,8:38:02,28,69501,70099,16800,8:38:02,143,69501,70500,2000,8:38:02,288,69000,70674,1421,8:39:17,290,68500,71000,10
36,1397/7/28 8:39:58,0,69996,3592,69996,69996,4147,8:38:02,28,69501,70099,16800,8:38:02,143,69501,70500,2000,8:38:02,288,69000,70674,1421,8:39:17,290,68500,71000,10
37,1397/7/28 8:39:58,0,69996,3592,69996,69996,4147,8:41:10,28,69501,70090,4510,8:41:10,143,69501,70099,16800,8:41:10,288,69000,70500,2000,8:41:10,290,68500,70674,1421
38,1397/7/28 8:39:58,0,69996,3592,69996,69996,4147,8:41:10,28,69501,70090,4510,8:41:10,143,69501,70099,16800,8:41:27,488,69000,70500,2000,8:41:10,290,68500,70674,1421
39,1397/7/28 8:42:05,0,69996,3592,69996,69996,4297,8:41:10,28,69501,70090,4510,8:41:10,143,69501,70099,16800,8:41:27,488,69000,70500,2000,8:41:10,290,68500,70674,1421
40,1397/7/28 8:42:05,0,69996,3592,69996,69996,4297,8:41:10,28,69501,70090,4510,8:41:10,143,69501,70099,16800,8:42:11,2548,69000,70500,2000,8:41:10,290,68500,70674,1421
41,1397/7/28 8:42:05,0,69996,3592,69996,69996,4297,8:42:28,28,69501,70099,16800,8:42:28,143,69501,70500,2000,8:42:28,2548,69000,70674,1421,8:42:28,290,68500,71000,10
42,1397/7/28 8:42:05,0,69996,3592,69996,69996,4297,8:42:34,28,69501,69999,500,8:42:34,143,69501,70099,16800,8:42:34,2548,69000,70500,2000,8:42:34,290,68500,70674,1421
43,1397/7/28 8:42:05,0,69996,3592,69996,69996,4297,8:42:34,28,69501,69999,500,8:42:56,143,69501,70098,920,8:42:56,2548,69000,70099,16800,8:42:56,290,68500,70500,2000
44,1397/7/28 8:42:05,0,69996,3592,69996,69996,4297,8:42:34,28,69501,69999,500,8:42:56,143,69501,70098,920,8:43:33,2698,69000,70099,16800,8:42:56,290,68500,70500,2000
45,1397/7/28 8:42:05,0,69996,3592,69996,69996,4297,8:42:34,28,69501,69999,500,8:42:56,143,69501,70098,920,8:43:33,2698,69000,70099,16800,8:43:51,440,68500,70500,2000
46,1397/7/28 8:42:05,0,69996,3592,69996,69996,4297,8:42:34,28,69501,69999,500,8:42:56,143,69501,70098,920,8:43:33,2698,69000,70099,16800,8:43:54,590,68500,70500,2000
47,1397/7/28 8:42:05,0,69996,3592,69996,69996,4297,8:42:34,28,69501,69999,500,8:42:56,143,69501,70098,920,8:43:33,2698,69000,70099,16800,8:44:12,620,68500,70500,2000
48,1397/7/28 8:42:05,0,69996,3592,69996,69996,4297,8:42:34,28,69501,69999,500,8:42:56,143,69501,70098,920,8:44:51,2798,69000,70099,16800,8:44:12,620,68500,70500,2000
49,1397/7/28 8:45:37,0,69996,3705,69996,69996,4297,8:42:34,28,69501,69999,500,8:42:56,143,69501,70098,920,8:44:51,2798,69000,70099,16800,8:44:12,620,68500,70500,2000
50,1397/7/28 8:45:40,0,69996,3705,69996,69996,8807,8:42:34,28,69501,69999,500,8:42:56,143,69501,70098,920,8:44:51,2798,69000,70099,16800,8:44:12,620,68500,70500,2000
51,1397/7/28 8:45:40,0,69996,3705,69996,69996,8807,8:42:34,28,69501,69999,500,8:42:56,143,69501,70098,920,8:45:53,2798,69000,70499,16800,8:44:12,620,68500,70500,2000
52,1397/7/28 8:46:31,0,69996,3705,69996,69996,4297,8:42:34,28,69501,69999,500,8:42:56,143,69501,70098,920,8:45:53,2798,69000,70499,16800,8:44:12,620,68500,70500,2000
53,1397/7/28 8:46:45,0,69996,3592,69996,69996,4297,8:42:34,28,69501,69999,500,8:42:56,143,69501,70098,920,8:45:53,2798,69000,70499,16800,8:44:12,620,68500,70500,2000
54,1397/7/28 8:47:23,0,69996,3692,69996,69996,4297,8:42:34,28,69501,69999,500,8:42:56,143,69501,70098,920,8:45:53,2798,69000,70499,16800,8:44:12,620,68500,70500,2000
55,1397/7/28 8:47:23,0,69996,3692,69996,69996,4297,8:42:34,28,69501,69999,500,8:42:56,143,69501,70098,920,8:47:32,3738,69000,70499,16800,8:44:12,620,68500,70500,2000
56,1397/7/28 8:47:37,0,69996,3692,69996,69996,4147,8:42:34,28,69501,69999,500,8:42:56,143,69501,70098,920,8:47:32,3738,69000,70499,16800,8:44:12,620,68500,70500,2000
57,1397/7/28 8:47:50,0,69996,3717,69996,69996,4147,8:42:34,28,69501,69999,500,8:42:56,143,69501,70098,920,8:47:32,3738,69000,70499,16800,8:44:12,620,68500,70500,2000
58,1397/7/28 8:47:50,0,69996,3717,69996,69996,4147,8:42:34,28,69501,69999,500,8:48:05,643,69501,70098,920,8:47:32,3738,69000,70499,16800,8:44:12,620,68500,70500,2000
59,1397/7/28 8:48:07,0,69996,3717,69996,69996,4547,8:42:34,28,69501,69999,500,8:48:05,643,69501,70098,920,8:47:32,3738,69000,70499,16800,8:44:12,620,68500,70500,2000
60,1397/7/28 8:48:29,0,69996,3692,69996,69996,4547,8:42:34,28,69501,69999,500,8:48:05,643,69501,70098,920,8:48:29,26,69001,70499,16800,8:48:29,3738,69000,70500,2000
61,1397/7/28 8:48:29,0,69996,3692,69996,69996,4547,8:48:36,142,69700,69999,500,8:48:36,28,69700,70098,920,8:48:36,643,69500,70499,16800,8:48:36,26,69001,70500,2000
62,1397/7/28 8:48:29,0,69996,3692,69996,69996,4547,8:48:58,1000,69701,69999,500,8:48:58,142,69701,70098,920,8:48:58,28,69501,70499,16800,8:48:58,643,69500,70500,2000
63,1397/7/28 8:49:10,0,69996,6692,69996,69996,4547,8:48:58,1000,69701,69999,500,8:48:58,142,69701,70098,920,8:48:58,28,69501,70499,16800,8:48:58,643,69500,70500,2000
64,1397/7/28 8:49:10,0,69996,6692,69996,69996,4547,8:48:58,1000,69701,69999,500,8:48:58,142,69701,70098,920,8:49:13,44,69501,70499,16800,8:48:58,643,69500,70500,2000
65,1397/7/28 8:49:10,0,69996,6692,69996,69996,4547,8:49:42,800,69702,69999,500,8:49:42,1000,69702,70098,920,8:49:42,142,69700,70499,16800,8:49:42,44,69501,70500,2000
66,1397/7/28 8:49:56,0,70000,7796,70000,70000,5047,8:49:56,2671,69996,70098,920,8:49:56,800,69996,70499,16800,8:49:56,1000,69701,70500,2000,8:49:56,142,69700,70674,1421
67,1397/7/28 8:49:56,0,70000,7796,70000,70000,5047,8:49:57,284,69997,70098,920,8:49:57,2671,69997,70499,16800,8:49:57,800,69702,70500,2000,8:49:57,1000,69701,70674,1421
68,1397/7/28 8:50:10,0,69996,6976,69996,69996,4547,8:50:10,800,69702,69999,500,8:50:10,1000,69702,70098,920,8:50:10,142,69700,70499,16800,8:50:10,44,69501,70500,2000
69,1397/7/28 8:50:34,0,69996,7089,69996,69996,4547,8:50:10,800,69702,69999,500,8:50:10,1000,69702,70098,920,8:50:10,142,69700,70499,16800,8:50:10,44,69501,70500,2000
70,1397/7/28 8:51:06,0,70000,5574,70000,70000,5047,8:51:06,284,69997,70098,920,8:51:06,2671,69997,70499,16800,8:51:06,800,69702,70500,2000,8:51:06,1000,69701,70674,1421
71,1397/7/28 8:51:06,0,70000,5574,70000,70000,5047,8:51:06,284,69997,70098,920,8:51:35,2676,69997,70499,16800,8:51:06,800,69702,70500,2000,8:51:06,1000,69701,70674,1421
72,1397/7/28 8:51:38,0,70098,2432,70098,70098,5967,8:51:38,3142,70000,70499,16800,8:51:38,284,70000,70500,2000,8:51:38,2676,69996,70674,1421,8:51:38,800,69702,70900,500
73,1397/7/28 8:51:38,0,70098,2432,70098,70098,5967,8:51:48,3129,70000,70499,16800,8:51:38,284,70000,70500,2000,8:51:38,2676,69996,70674,1421,8:51:38,800,69702,70900,500
74,1397/7/28 8:52:02,0,70000,5561,70000,70000,8272,8:52:02,284,69997,70098,920,8:52:02,2676,69997,70499,16800,8:52:02,800,69702,70500,2000,8:52:02,1100,69701,70674,1421
75,1397/7/28 8:52:07,0,70000,5661,70000,70000,8272,8:52:02,284,69997,70098,920,8:52:02,2676,69997,70499,16800,8:52:02,800,69702,70500,2000,8:52:02,1100,69701,70674,1421
76,1397/7/28 8:52:07,0,70000,5661,70000,70000,8272,8:52:02,284,69997,70098,920,8:52:02,2676,69997,70499,16800,8:52:08,800,69702,70500,2500,8:52:02,1100,69701,70674,1421
77,1397/7/28 8:52:34,0,70000,5816,70000,70000,8272,8:52:02,284,69997,70098,920,8:52:34,2521,69997,70499,16800,8:52:08,800,69702,70500,2500,8:52:02,1100,69701,70674,1421
78,1397/7/28 8:52:47,0,70000,5837,70000,70000,8272,8:52:02,284,69997,70098,920,8:52:34,2521,69997,70499,16800,8:52:08,800,69702,70500,2500,8:52:02,1100,69701,70674,1421
79,1397/7/28 8:52:47,0,70000,5837,70000,70000,8272,8:52:02,284,69997,70098,920,8:53:11,2521,69997,70498,1000,8:53:11,800,69702,70499,16800,8:53:11,1100,69701,70500,2500
80,1397/7/28 8:53:15,0,70098,5432,70098,70098,9192,8:53:15,100,70010,70498,1000,8:53:15,305,70010,70499,16800,8:53:15,284,69997,70500,2500,8:53:15,2421,69996,70674,1421
81,1397/7/28 8:53:23,0,70098,5432,70098,70098,8792,8:53:15,100,70010,70498,1000,8:53:15,305,70010,70499,16800,8:53:15,284,69997,70500,2500,8:53:15,2421,69996,70674,1421
82,1397/7/28 8:53:26,0,70010,5532,70010,70010,7872,8:53:26,305,70000,70098,920,8:53:26,284,70000,70498,1000,8:53:26,2421,69996,70499,16800,8:53:26,800,69702,70500,2500
83,1397/7/28 8:53:53,0,70098,2432,70098,70098,5567,8:53:53,100,70020,70498,1000,8:53:53,3000,70020,70499,16800,8:53:53,305,70000,70500,2500,8:53:53,284,69997,70674,1421
84,1397/7/28 8:53:53,0,70098,2432,70098,70098,5567,8:53:53,100,70020,70498,1000,8:53:53,3000,70020,70499,16800,8:53:53,305,70000,70500,2500,8:54:00,891,69997,70674,1421
85,1397/7/28 8:54:13,0,70497,2432,70497,70497,5567,8:53:53,100,70020,70498,1000,8:53:53,3000,70020,70499,16800,8:53:53,305,70000,70500,2500,8:54:00,891,69997,70674,1421
86,1397/7/28 8:54:13,0,70497,2432,70497,70497,5567,8:54:20,100,70220,70498,1000,8:53:53,3000,70220,70499,16800,8:53:53,305,70000,70500,2500,8:54:00,891,69997,70674,1421
87,1397/7/28 8:54:13,0,70497,2432,70497,70497,5567,8:54:20,100,70220,70498,1000,8:54:21,60,70220,70499,16800,8:54:21,3000,70010,70500,2500,8:54:21,305,70000,70674,1421
88,1397/7/28 8:54:13,0,70497,2432,70497,70497,5567,8:54:20,100,70220,70498,1000,8:54:34,21,70220,70499,16800,8:54:34,60,70050,70500,2500,8:54:34,3000,70010,70674,1421
89,1397/7/28 8:54:42,0,70000,5897,70000,70000,4147,8:54:42,891,69997,70098,920,8:54:42,314,69997,70497,500,8:54:42,800,69702,70498,1000,8:54:42,1100,69701,70499,16800
90,1397/7/28 8:54:42,0,70000,5897,70000,70000,4147,8:54:42,891,69997,70098,920,8:54:42,314,69997,70497,500,8:54:56,200,69794,70498,1000,8:54:56,800,69702,70499,16800
91,1397/7/28 8:55:11,0,70000,6097,70000,70000,4147,8:54:42,891,69997,70098,920,8:54:42,314,69997,70497,500,8:54:56,200,69794,70498,1000,8:54:56,800,69702,70499,16800
92,1397/7/28 8:55:13,0,70098,5150,70098,70098,5067,8:55:13,60,70050,70497,500,8:55:13,3000,70050,70498,1000,8:55:13,21,70001,70499,16800,8:55:13,1724,70000,70500,2500
93,1397/7/28 8:55:13,0,70098,5150,70098,70098,5067,8:55:13,60,70050,70497,500,8:55:13,3000,70050,70498,1000,8:55:13,21,70001,70499,16800,8:55:25,1929,70000,70500,2500
94,1397/7/28 8:55:26,0,70100,6590,70100,70100,5067,8:55:13,60,70050,70497,500,8:55:13,3000,70050,70498,1000,8:55:13,21,70001,70499,16800,8:55:26,489,70000,70500,2500
95,1397/7/28 8:55:26,0,70100,6590,70100,70100,5067,8:55:38,3000,70010,70497,500,8:55:38,21,70010,70498,1000,8:55:38,489,70000,70499,16800,8:55:38,891,69997,70500,2500
96,1397/7/28 8:55:42,0,70100,6940,70100,70100,5067,8:55:38,3000,70010,70497,500,8:55:38,21,70010,70498,1000,8:55:38,489,70000,70499,16800,8:55:38,891,69997,70500,2500
97,1397/7/28 8:55:52,0,70100,8275,70100,70100,5067,8:55:38,3000,70010,70497,500,8:55:38,21,70010,70498,1000,8:55:38,489,70000,70499,16800,8:55:38,891,69997,70500,2500
98,1397/7/28 8:56:01,0,70010,7417,70010,70010,4147,8:56:01,21,70001,70098,920,8:56:01,489,70001,70497,500,8:56:01,891,69997,70498,1000,8:56:01,314,69996,70499,16800
99,1397/7/28 8:56:15,0,70010,12393,70010,70010,4147,8:56:01,21,70001,70098,920,8:56:01,489,70001,70497,500,8:56:01,891,69997,70498,1000,8:56:01,314,69996,70499,16800
100,1397/7/28 8:56:31,0,70010,12463,70010,70010,4147,8:56:01,21,70001,70098,920,8:56:01,489,70001,70497,500,8:56:01,891,69997,70498,1000,8:56:01,314,69996,70499,16800
101,1397/7/28 8:56:37,0,70010,13063,70010,70010,4147,8:56:01,21,70001,70098,920,8:56:01,489,70001,70497,500,8:56:01,891,69997,70498,1000,8:56:01,314,69996,70499,16800
102,1397/7/28 8:56:38,0,70098,5137,70098,70098,5067,8:56:38,8926,70010,70497,500,8:56:38,21,70010,70498,1000,8:56:38,489,70000,70499,16800,8:56:38,891,69997,70500,2500
103,1397/7/28 8:56:45,0,70098,5037,70098,70098,5067,8:56:45,100,70030,70497,500,8:56:45,8926,70030,70498,1000,8:56:45,21,70001,70499,16800,8:56:45,489,70000,70500,2500
104,1397/7/28 8:56:46,0,70010,13063,70010,70010,4147,8:56:46,21,70001,70098,920,8:56:46,489,70001,70200,2000,8:56:46,891,69997,70497,500,8:56:46,314,69996,70498,1000
105,1397/7/28 8:57:01,0,70010,13113,70010,70010,4147,8:56:46,21,70001,70098,920,8:56:46,489,70001,70200,2000,8:56:46,891,69997,70497,500,8:56:46,314,69996,70498,1000
106,1397/7/28 8:57:04,0,70010,13613,70010,70010,4147,8:56:46,21,70001,70098,920,8:56:46,489,70001,70200,2000,8:56:46,891,69997,70497,500,8:56:46,314,69996,70498,1000
107,1397/7/28 8:57:04,0,70010,13613,70010,70010,4147,8:57:10,731,70001,70098,920,8:56:46,489,70001,70200,2000,8:56:46,891,69997,70497,500,8:56:46,314,69996,70498,1000
108,1397/7/28 8:57:13,0,70010,13634,70010,70010,4147,8:57:13,710,70001,70098,920,8:56:46,489,70001,70200,2000,8:56:46,891,69997,70497,500,8:56:46,314,69996,70498,1000
109,1397/7/28 8:57:13,0,70010,13634,70010,70010,4147,8:57:13,710,70001,70098,920,8:57:19,284,70001,70200,2000,8:56:46,891,69997,70497,500,8:56:46,314,69996,70498,1000
110,1397/7/28 8:57:26,0,70100,6322,70100,70100,5067,8:57:26,715,70098,70200,2000,8:57:26,21,70098,70497,500,8:57:26,100,70030,70498,1000,8:57:26,50,70020,70499,16800
111,1397/7/28 8:57:26,0,70100,6322,70100,70100,5067,8:57:26,715,70098,70200,2000,8:57:32,21,70098,70497,17300,8:57:26,100,70030,70498,1000,8:57:32,50,70020,70500,500
112,1397/7/28 8:57:36,0,70100,6672,70100,70100,5067,8:57:26,715,70098,70200,2000,8:57:32,21,70098,70497,17300,8:57:26,100,70030,70498,1000,8:57:32,50,70020,70500,500
113,1397/7/28 8:57:36,0,70100,6672,70100,70100,5067,8:57:26,715,70098,70200,2000,8:57:46,21,70098,70496,500,8:57:46,100,70030,70497,16800,8:57:46,50,70020,70498,1000
114,1397/7/28 8:57:48,0,70100,6972,70100,70100,5067,8:57:26,715,70098,70200,2000,8:57:46,21,70098,70496,500,8:57:46,100,70030,70497,16800,8:57:48,100,70020,70498,1000
115,1397/7/28 8:58:04,0,70100,6993,70100,70100,7067,8:58:04,715,70098,70496,500,8:58:04,100,70098,70497,16800,8:58:04,100,70020,70498,1000,8:58:04,8133,70010,70500,500
116,1397/7/28 8:58:05,0,70100,7708,70100,70100,7067,8:58:05,100,70030,70496,500,8:58:05,100,70030,70497,16800,8:58:05,8133,70010,70498,1000,8:58:05,710,70001,70500,500
117,1397/7/28 8:58:05,0,70100,7708,70100,70100,7067,8:58:05,100,70030,70496,500,8:58:05,100,70030,70497,16800,8:58:07,6076,70010,70498,1000,8:58:05,710,70001,70500,500
118,1397/7/28 8:58:10,0,70100,7808,70100,70100,7067,8:58:10,100,70020,70496,500,8:58:10,6076,70020,70497,16800,8:58:10,710,70001,70498,1000,8:58:10,284,70000,70500,500
119,1397/7/28 8:58:10,0,70100,7808,70100,70100,7067,8:58:10,100,70020,70496,500,8:58:10,6076,70020,70497,16800,8:58:10,710,70001,70498,1000,8:58:28,2342,70000,70500,500
120,1397/7/28 8:58:10,0,70100,7808,70100,70100,7067,8:58:10,100,70020,70496,500,8:58:10,6076,70020,70497,16800,8:58:10,710,70001,70498,1000,8:58:46,284,70000,70500,500
121,1397/7/28 8:58:53,0,70100,8808,70100,70100,7067,8:58:10,100,70020,70496,500,8:58:10,6076,70020,70497,16800,8:58:10,710,70001,70498,1000,8:58:46,284,70000,70500,500
122,1397/7/28 8:58:55,0,70100,8828,70100,70100,7067,8:58:10,100,70020,70496,500,8:58:10,6076,70020,70497,16800,8:58:10,710,70001,70498,1000,8:58:46,284,70000,70500,500
123,1397/7/28 8:59:01,0,70100,10883,70100,70100,7067,8:58:10,100,70020,70496,500,8:58:10,6076,70020,70497,16800,8:58:10,710,70001,70498,1000,8:58:46,284,70000,70500,500
124,1397/7/28 8:59:08,0,70100,11038,70100,70100,7067,8:58:10,100,70020,70496,500,8:58:10,6076,70020,70497,16800,8:58:10,710,70001,70498,1000,8:59:08,129,70000,70500,500
125,1397/7/28 8:59:08,0,70100,11038,70100,70100,7067,8:59:09,100,70020,70490,500,8:59:09,6076,70020,70496,500,8:59:09,710,70001,70497,16800,8:59:09,129,70000,70498,1000
126,1397/7/28 8:59:13,0,70100,12456,70100,70100,7067,8:59:09,100,70020,70490,500,8:59:09,6076,70020,70496,500,8:59:09,710,70001,70497,16800,8:59:09,129,70000,70498,1000
127,1397/7/28 8:59:30,0,70100,12956,70100,70100,7067,8:59:09,100,70020,70490,500,8:59:30,5576,70020,70496,500,8:59:09,710,70001,70497,16800,8:59:09,129,70000,70498,1000
128,1397/7/28 8:59:30,0,70100,12956,70100,70100,7067,8:59:31,100,70020,70180,20,8:59:31,5576,70020,70490,500,8:59:31,710,70001,70496,500,8:59:31,129,70000,70497,16800
129,1397/7/28 8:59:33,0,70100,11538,70100,70100,7067,8:59:31,100,70020,70180,20,8:59:31,5576,70020,70490,500,8:59:31,710,70001,70496,500,8:59:31,129,70000,70497,16800
130,1397/7/28 8:59:36,0,70100,14538,70100,70100,7067,8:59:31,100,70020,70180,20,8:59:31,5576,70020,70490,500,8:59:31,710,70001,70496,500,8:59:31,129,70000,70497,16800
131,1397/7/28 9:00:00,0,70111,9421,70111,70111,7067,9:00:00,21,70110,70180,20,9:00:00,3000,70110,70490,500,9:00:00,7095,70100,70496,500,9:00:00,100,70020,70497,16800
132,1397/7/28 9:00:03,0,70111,10053,70111,70111,7067,9:00:00,21,70110,70180,20,9:00:00,3000,70110,70490,500,9:00:00,7095,70100,70496,500,9:00:00,100,70020,70497,16800
133,1397/7/28 9:00:06,0,70200,9491,70200,70200,7087,9:00:06,100,70150,70490,500,9:00:06,5631,70150,70496,500,9:00:06,21,70110,70497,16800,9:00:06,3000,70101,70498,1000
134,1397/7/28 9:00:08,0,70200,12491,70200,70200,7087,9:00:06,100,70150,70490,500,9:00:06,5631,70150,70496,500,9:00:06,21,70110,70497,16800,9:00:08,7095,70100,70498,1000
135,1397/7/28 9:00:29,290,70345,4938,70200,70490,500,9:00:29,100,70150,70496,500,9:00:29,5631,70150,70497,16800,9:00:29,21,70110,70498,1000,9:00:29,7095,70100,70674,1421
136,1397/7/28 9:00:41,280,70350,100,70210,70490,500,9:00:41,4938,70200,70496,500,9:00:29,5631,70200,70497,16800,9:00:29,21,70110,70498,1000,9:00:29,7095,70100,70674,1421
137,1397/7/28 9:00:44,240,70370,100,70250,70490,500,9:00:44,100,70210,70496,500,9:00:44,4938,70210,70497,16800,9:00:44,5631,70111,70498,1000,9:00:44,21,70110,70674,1421
138,1397/7/28 9:00:53,240,70370,350,70250,70490,500,9:00:44,100,70210,70496,500,9:00:44,4938,70210,70497,16800,9:00:44,5631,70111,70498,1000,9:00:44,21,70110,70674,1421
139,1397/7/28 9:00:53,240,70370,350,70250,70490,500,9:01:00,4938,70200,70496,500,9:01:00,5631,70200,70497,16800,9:01:00,21,70110,70498,1000,9:01:00,7095,70100,70674,1421
140,1397/7/28 9:01:15,240,70370,250,70250,70490,500,9:01:15,15,70201,70496,500,9:01:15,4938,70201,70497,16800,9:01:15,5631,70111,70498,1000,9:01:15,21,70110,70674,1421
141,1397/7/28 9:01:16,240,70370,965,70250,70490,500,9:01:15,15,70201,70496,500,9:01:15,4938,70201,70497,16800,9:01:15,5631,70111,70498,1000,9:01:15,21,70110,70674,1421
142,1397/7/28 9:01:18,247,70373,965,70250,70497,16300,9:01:18,15,70201,70498,1000,9:01:18,4938,70201,70674,1421,9:01:18,5631,70111,70900,500,9:01:18,21,70110,71000,6990
143,1397/7/28 9:01:19,7,70493,155,70490,70497,16300,9:01:19,965,70250,70498,1000,9:01:19,15,70250,70674,1421,9:01:19,4938,70200,70900,500,9:01:19,5631,70111,71000,6990
144,1397/7/28 9:01:35,8,70494,155,70490,70498,1000,9:01:35,965,70250,70673,16300,9:01:19,15,70250,70674,1421,9:01:19,4938,70200,70900,500,9:01:19,5631,70111,71000,6990
145,1397/7/28 9:01:39,8,70494,55,70490,70498,1000,9:01:39,710,70300,70673,16300,9:01:39,965,70300,70674,1421,9:01:39,15,70201,70900,500,9:01:39,4938,70200,71000,6990
146,1397/7/28 9:01:45,8,70494,55,70490,70498,285,9:01:39,710,70300,70673,16300,9:01:45,15,70300,70674,1421,9:01:45,4938,70200,70900,500,9:01:45,5631,70111,71000,6990
147,1397/7/28 9:01:50,8,70494,55,70490,70498,170,9:01:39,710,70300,70673,16300,9:01:50,4938,70300,70674,1421,9:01:50,5631,70111,70900,500,9:01:50,21,70110,71000,6990
148,1397/7/28 9:01:50,8,70494,55,70490,70498,170,9:01:59,277,70301,70673,16300,9:01:59,710,70301,70674,1421,9:01:59,4938,70200,70900,500,9:01:59,5631,70111,71000,6990
149,1397/7/28 9:02:00,175,70585,44,70498,70673,16300,9:02:00,55,70490,70674,1421,9:02:00,277,70490,70900,500,9:02:00,710,70300,71000,6990,9:02:00,4938,70200,71028,12537
150,1397/7/28 9:02:15,176,70586,44,70498,70674,1421,9:02:15,55,70490,70900,16800,9:02:15,277,70490,71000,6990,9:02:15,710,70300,71028,12537,9:02:15,4938,70200,71180,1000
151,1397/7/28 9:02:15,176,70586,44,70498,70674,1421,9:02:15,55,70490,70900,16800,9:02:17,277,70490,71000,7020,9:02:15,710,70300,71028,12537,9:02:15,4938,70200,71180,1000
152,1397/7/28 9:02:20,176,70586,1044,70498,70674,1421,9:02:15,55,70490,70900,16800,9:02:17,277,70490,71000,7020,9:02:15,710,70300,71028,12537,9:02:15,4938,70200,71180,1000
153,1397/7/28 9:02:22,176,70586,1000,70498,70674,1421,9:02:15,55,70490,70900,16800,9:02:17,277,70490,71000,7020,9:02:15,710,70300,71028,12537,9:02:15,4938,70200,71180,1000
154,1397/7/28 9:02:22,176,70586,1000,70498,70674,1421,9:02:32,700,70492,70900,16800,9:02:32,55,70492,71000,7020,9:02:32,277,70301,71028,12537,9:02:32,710,70300,71180,1000
155,1397/7/28 9:02:38,176,70586,1000,70498,70674,1921,9:02:32,700,70492,70900,16800,9:02:32,55,70492,71000,7020,9:02:32,277,70301,71028,12537,9:02:32,710,70300,71180,1000
156,1397/7/28 9:02:44,172,70584,1000,70498,70670,3000,9:02:44,700,70492,70674,1921,9:02:44,55,70492,70900,16800,9:02:44,277,70301,71000,7020,9:02:44,710,70300,71028,12537
157,1397/7/28 9:02:44,172,70584,1000,70498,70670,3000,9:02:44,700,70492,70674,1921,9:02:44,55,70492,70900,16800,9:02:44,277,70301,71000,7020,9:02:58,710,70300,71180,1000
158,1397/7/28 9:02:59,171,70584,40,70499,70670,3000,9:02:59,1000,70498,70674,1921,9:02:59,700,70498,70900,16800,9:02:59,55,70490,71000,7020,9:02:59,277,70301,71180,1000
159,1397/7/28 9:03:04,171,70584,317,70499,70670,3071,9:02:59,1000,70498,70674,1921,9:02:59,700,70498,70900,16800,9:02:59,55,70490,71000,7020,9:03:04,710,70300,71180,1000
160,1397/7/28 9:03:07,171,70584,1027,70499,70670,3071,9:02:59,1000,70498,70674,1921,9:02:59,700,70498,70900,16800,9:02:59,55,70490,71000,7020,9:03:07,4938,70200,71180,1000
161,1397/7/28 9:03:12,171,70584,1727,70499,70670,3071,9:02:59,1000,70498,70674,1921,9:03:12,55,70498,70900,16800,9:03:12,4938,70200,71000,7020,9:03:12,5631,70111,71180,1000
162,1397/7/28 9:03:21,171,70584,1727,70499,70670,1571,9:02:59,1000,70498,70674,1921,9:03:12,55,70498,70900,16800,9:03:12,4938,70200,71000,7020,9:03:12,5631,70111,71180,1000
163,1397/7/28 9:03:26,1,70498,1000,70498,70499,3273,9:03:26,55,70490,70670,1571,9:03:26,4938,70490,70674,1921,9:03:26,5631,70111,70900,16800,9:03:26,3820,70100,71000,7020
164,1397/7/28 9:03:26,1,70498,1000,70498,70499,3273,9:03:28,17823,70490,70670,1571,9:03:26,4938,70490,70674,1921,9:03:26,5631,70111,70900,16800,9:03:26,3820,70100,71000,7020
165,1397/7/28 9:03:31,9,70494,17823,70490,70499,2273,9:03:31,4938,70200,70670,1571,9:03:31,5631,70200,70674,1921,9:03:31,3820,70100,70900,16800,9:03:31,110,70055,71000,7020
166,1397/7/28 9:03:36,1,70498,200,70498,70499,2273,9:03:36,17823,70490,70670,1571,9:03:36,4938,70490,70674,1921,9:03:36,5631,70111,70900,16800,9:03:36,3820,70100,71000,7020
167,1397/7/28 9:03:36,1,70498,200,70498,70499,2273,9:03:39,17823,70490,70670,1600,9:03:36,4938,70490,70674,1921,9:03:36,5631,70111,70900,16800,9:03:36,3820,70100,71000,7020
168,1397/7/28 9:03:43,1,70498,200,70498,70499,2218,9:03:43,17768,70490,70670,1600,9:03:36,4938,70490,70674,1921,9:03:36,5631,70111,70900,16800,9:03:36,3820,70100,71000,7020
169,1397/7/28 9:03:43,1,70498,200,70498,70499,2218,9:03:47,17768,70490,70670,1800,9:03:36,4938,70490,70674,1921,9:03:36,5631,70111,70900,16800,9:03:47,3820,70100,71000,9479
170,1397/7/28 9:03:51,172,70584,200,70498,70670,1800,9:03:51,17768,70490,70674,1921,9:03:51,4938,70490,70900,16800,9:03:51,5631,70111,71000,9479,9:03:51,3820,70100,71180,1000
171,1397/7/28 9:03:51,172,70584,200,70498,70670,1800,9:03:55,710,70491,70674,1921,9:03:55,17768,70491,70900,16800,9:03:55,4938,70200,71000,9479,9:03:55,5631,70111,71180,1000
172,1397/7/28 9:04:07,172,70584,400,70498,70670,1300,9:03:55,710,70491,70674,1921,9:03:55,17768,70491,70900,16800,9:03:55,4938,70200,71000,9479,9:03:55,5631,70111,71180,1000
173,1397/7/28 9:04:09,171,70584,920,70499,70670,1300,9:04:09,400,70498,70674,1921,9:04:09,710,70498,70900,16800,9:04:09,17768,70490,71000,9479,9:04:09,4938,70200,71180,1000
174,1397/7/28 9:04:10,151,70574,920,70499,70650,800,9:04:10,400,70498,70670,1300,9:04:10,710,70498,70674,1921,9:04:10,22706,70200,70900,16800,9:04:10,5631,70111,71000,9479
175,1397/7/28 9:04:11,151,70574,920,70499,70650,3018,9:04:10,400,70498,70670,1300,9:04:10,710,70498,70674,1921,9:04:10,22706,70200,70900,16800,9:04:10,5631,70111,71000,9479
176,1397/7/28 9:04:12,151,70574,920,70499,70650,318,9:04:10,400,70498,70670,1300,9:04:10,710,70498,70674,1921,9:04:10,22706,70200,70900,16800,9:04:10,5631,70111,71000,9479
177,1397/7/28 9:04:20,151,70574,920,70499,70650,208,9:04:10,400,70498,70670,1300,9:04:10,710,70498,70674,1921,9:04:10,22706,70200,70900,16800,9:04:10,5631,70111,71000,9479
178,1397/7/28 9:04:38,151,70574,920,70499,70650,193,9:04:10,400,70498,70670,1300,9:04:10,710,70498,70674,1921,9:04:10,22706,70200,70900,16800,9:04:10,5631,70111,71000,9479
179,1397/7/28 9:04:39,151,70574,920,70499,70650,533,9:04:10,400,70498,70670,1300,9:04:10,710,70498,70674,1921,9:04:10,22706,70200,70900,16800,9:04:10,5631,70111,71000,9479
180,1397/7/28 9:04:42,151,70574,925,70499,70650,533,9:04:10,400,70498,70670,1300,9:04:10,710,70498,70674,1921,9:04:10,22706,70200,70900,16800,9:04:10,5631,70111,71000,9479
181,1397/7/28 9:04:46,151,70574,925,70499,70650,518,9:04:10,400,70498,70670,1300,9:04:10,710,70498,70674,1921,9:04:10,22706,70200,70900,16800,9:04:10,5631,70111,71000,9479
182,1397/7/28 9:04:46,151,70574,925,70499,70650,518,9:04:50,400,70498,70670,1909,9:04:10,710,70498,70674,1921,9:04:10,22706,70200,70900,16800,9:04:10,5631,70111,71000,9479
183,1397/7/28 9:04:46,151,70574,925,70499,70650,518,9:04:50,400,70498,70670,1909,9:04:52,1130,70498,70674,1921,9:04:10,22706,70200,70900,16800,9:04:10,5631,70111,71000,9479
184,1397/7/28 9:04:46,151,70574,925,70499,70650,518,9:04:50,400,70498,70670,1909,9:05:08,1132,70498,70674,1921,9:04:10,22706,70200,70900,16800,9:04:10,5631,70111,71000,9479
185,1397/7/28 9:04:46,151,70574,925,70499,70650,518,9:04:50,400,70498,70670,1909,9:05:08,1132,70498,70674,1921,9:05:09,5000,70201,70900,16800,9:05:09,22706,70200,71000,9479
186,1397/7/28 9:04:46,151,70574,925,70499,70650,518,9:04:50,400,70498,70670,1909,9:05:08,1132,70498,70674,1921,9:05:23,5000,70201,70900,8000,9:05:09,22706,70200,71000,9479
187,1397/7/28 9:05:25,150,70575,140,70500,70650,518,9:05:25,925,70499,70670,1909,9:05:25,400,70499,70674,1921,9:05:25,1132,70491,70900,8000,9:05:25,5000,70201,71000,9479
188,1397/7/28 9:05:27,150,70575,1140,70500,70650,518,9:05:25,925,70499,70670,1909,9:05:25,400,70499,70674,1921,9:05:25,1132,70491,70900,8000,9:05:25,5000,70201,71000,9479
189,1397/7/28 9:05:28,150,70575,1440,70500,70650,518,9:05:25,925,70499,70670,1909,9:05:25,400,70499,70674,1921,9:05:25,1132,70491,70900,8000,9:05:25,5000,70201,71000,9479
190,1397/7/28 9:05:38,150,70575,1440,70500,70650,8418,9:05:25,925,70499,70670,1909,9:05:25,400,70499,70674,1921,9:05:25,1132,70491,70900,8000,9:05:25,5000,70201,71000,9479
191,1397/7/28 9:05:42,150,70575,1390,70500,70650,8418,9:05:25,925,70499,70670,1909,9:05:25,400,70499,70674,1921,9:05:25,1132,70491,70900,8000,9:05:25,5000,70201,71000,9479
192,1397/7/28 9:05:43,150,70575,2306,70500,70650,8418,9:05:43,5,70499,70670,1909,9:05:25,400,70499,70674,1921,9:05:25,1132,70491,70900,8000,9:05:25,5000,70201,71000,9479
193,1397/7/28 9:05:47,150,70575,2306,70500,70650,8441,9:05:43,5,70499,70670,1909,9:05:25,400,70499,70674,1921,9:05:25,1132,70491,70900,8000,9:05:25,5000,70201,71000,9479
194,1397/7/28 9:05:48,150,70575,2306,70500,70650,8301,9:05:43,5,70499,70670,1909,9:05:25,400,70499,70674,1921,9:05:25,1132,70491,70900,8000,9:05:25,5000,70201,71000,9479
195,1397/7/28 9:05:50,149,70574,2306,70500,70649,1000,9:05:50,5,70499,70650,8301,9:05:50,400,70499,70670,1909,9:05:50,1132,70491,70674,1921,9:05:50,5000,70201,70900,8000
196,1397/7/28 9:05:57,139,70579,710,70510,70649,1000,9:05:57,2306,70500,70650,8301,9:05:57,5,70500,70670,1909,9:05:57,400,70498,70674,1921,9:05:57,422,70491,70900,8000
197,1397/7/28 9:05:59,138,70579,710,70510,70648,100,9:05:59,2306,70500,70649,1000,9:05:59,5,70500,70650,8301,9:05:59,400,70498,70670,1909,9:05:59,422,70491,70674,1921
198,1397/7/28 9:05:59,138,70579,710,70510,70648,100,9:06:00,2316,70500,70649,1000,9:05:59,5,70500,70650,8301,9:05:59,400,70498,70670,1909,9:05:59,422,70491,70674,1921
199,1397/7/28 9:06:01,139,70579,710,70510,70649,1000,9:06:01,2316,70500,70650,8301,9:06:01,5,70500,70670,1909,9:06:01,400,70498,70674,1921,9:06:01,422,70491,70900,8000
200,1397/7/28 9:06:05,140,70580,710,70510,70650,4301,9:06:05,2316,70500,70670,1909,9:06:05,5,70500,70674,1921,9:06:05,400,70498,70900,8000,9:06:05,422,70491,70980,1000
201,1397/7/28 9:06:14,139,70580,600,70511,70650,4301,9:06:14,710,70510,70670,1909,9:06:14,2316,70510,70674,1921,9:06:14,5,70499,70900,8000,9:06:14,400,70498,70980,1000
202,1397/7/28 9:06:16,139,70580,600,70511,70650,4287,9:06:14,710,70510,70670,1909,9:06:14,2316,70510,70674,1921,9:06:14,5,70499,70900,8000,9:06:14,400,70498,70980,1000
203,1397/7/28 9:06:16,139,70580,600,70511,70650,4287,9:06:20,1190,70510,70670,1909,9:06:14,2316,70510,70674,1921,9:06:14,5,70499,70900,8000,9:06:14,400,70498,70980,1000
204,1397/7/28 9:06:16,139,70580,600,70511,70650,4287,9:06:20,1190,70510,70670,1909,9:06:34,2321,70510,70674,1921,9:06:14,5,70499,70900,8000,9:06:14,400,70498,70980,1000
205,1397/7/28 9:06:37,138,70581,1000,70512,70650,4287,9:06:37,600,70511,70670,1909,9:06:37,1190,70511,70674,1921,9:06:37,1321,70500,70900,8000,9:06:37,5,70499,70980,1000
206,1397/7/28 9:06:41,138,70581,969,70512,70650,4287,9:06:37,600,70511,70670,1909,9:06:37,1190,70511,70674,1921,9:06:37,1321,70500,70900,8000,9:06:37,5,70499,70980,1000
207,1397/7/28 9:06:45,138,70581,1449,70512,70650,4287,9:06:37,600,70511,70670,1909,9:06:45,710,70511,70674,1921,9:06:37,1321,70500,70900,8000,9:06:37,5,70499,70980,1000
208,1397/7/28 9:06:46,138,70581,1449,70512,70650,4457,9:06:37,600,70511,70670,1909,9:06:45,710,70511,70674,1921,9:06:37,1321,70500,70900,8000,9:06:37,5,70499,70980,1000
209,1397/7/28 9:06:50,138,70581,1449,70512,70650,2357,9:06:37,600,70511,70670,1909,9:06:45,710,70511,70674,1921,9:06:37,1321,70500,70900,8000,9:06:37,5,70499,70980,1000
210,1397/7/28 9:06:53,138,70581,1449,70512,70650,2657,9:06:37,600,70511,70670,1909,9:06:45,710,70511,70674,1921,9:06:37,1321,70500,70900,8000,9:06:37,5,70499,70980,1000
211,1397/7/28 9:06:58,130,70585,710,70520,70650,2657,9:06:58,1449,70512,70670,1909,9:06:58,600,70512,70674,1921,9:06:37,1321,70500,70900,8000,9:06:37,5,70499,70980,1000
212,1397/7/28 9:07:11,130,70585,1190,70520,70650,2553,9:07:11,969,70512,70670,1909,9:06:58,600,70512,70674,1921,9:06:37,1321,70500,70900,8000,9:07:11,400,70498,70980,1000
213,1397/7/28 9:07:13,50,70625,200,70600,70650,3053,9:07:13,1190,70520,70670,1909,9:07:13,969,70520,70674,1421,9:07:13,600,70511,70900,8000,9:07:13,1321,70500,70980,1000
214,1397/7/28 9:07:14,50,70625,200,70600,70650,2995,9:07:14,1338,70520,70670,1909,9:07:13,969,70520,70674,1421,9:07:13,600,70511,70900,8000,9:07:13,1321,70500,70980,1000
215,1397/7/28 9:07:15,50,70625,200,70600,70650,2479,9:07:15,1355,70520,70670,1909,9:07:13,969,70520,70674,1421,9:07:13,600,70511,70900,8000,9:07:13,1321,70500,70980,1000
216,1397/7/28 9:07:15,50,70625,200,70600,70650,2479,9:07:18,200,70530,70670,1909,9:07:18,935,70530,70674,1421,9:07:18,1355,70520,70900,8000,9:07:18,969,70512,70980,1000
217,1397/7/28 9:07:21,50,70625,200,70600,70650,2433,9:07:18,200,70530,70670,1909,9:07:18,935,70530,70674,1421,9:07:18,1355,70520,70900,8000,9:07:18,969,70512,70980,1000
218,1397/7/28 9:07:25,50,70625,225,70600,70650,2433,9:07:18,200,70530,70670,1909,9:07:18,935,70530,70674,1421,9:07:18,1355,70520,70900,8000,9:07:18,969,70512,70980,1000
219,1397/7/28 9:07:31,70,70565,200,70530,70600,25,9:07:31,935,70521,70650,2433,9:07:31,1355,70521,70670,1909,9:07:31,969,70512,70674,1421,9:07:31,600,70511,70900,8000
220,1397/7/28 9:07:32,50,70625,1000,70600,70650,1886,9:07:32,200,70530,70660,45,9:07:32,935,70530,70670,1909,9:07:32,875,70520,70674,1421,9:07:32,969,70512,70900,8000
221,1397/7/28 9:07:35,50,70625,1000,70600,70650,1915,9:07:32,200,70530,70660,45,9:07:35,935,70530,70670,1880,9:07:32,875,70520,70674,1421,9:07:32,969,70512,70900,8000
222,1397/7/28 9:07:37,50,70625,1033,70600,70650,1915,9:07:32,200,70530,70660,45,9:07:35,935,70530,70670,1880,9:07:32,875,70520,70674,1421,9:07:32,969,70512,70900,8000
223,1397/7/28 9:07:38,50,70625,1033,70600,70650,8215,9:07:32,200,70530,70660,45,9:07:35,935,70530,70670,1880,9:07:32,875,70520,70674,1421,9:07:32,969,70512,70900,8000
224,1397/7/28 9:07:43,50,70625,1033,70600,70650,3215,9:07:32,200,70530,70660,45,9:07:35,935,70530,70670,1880,9:07:43,1375,70520,70674,1421,9:07:32,969,70512,70900,8000
225,1397/7/28 9:07:43,50,70625,1033,70600,70650,3215,9:07:46,341,70530,70660,45,9:07:35,935,70530,70670,1880,9:07:43,1375,70520,70674,1421,9:07:32,969,70512,70900,8000
226,1397/7/28 9:07:47,50,70625,1033,70600,70650,3015,9:07:47,141,70530,70660,45,9:07:35,935,70530,70670,1880,9:07:43,1375,70520,70674,1421,9:07:32,969,70512,70900,8000
227,1397/7/28 9:07:49,49,70625,710,70601,70650,3015,9:07:49,1033,70600,70660,45,9:07:49,141,70600,70670,1880,9:07:49,935,70521,70674,1421,9:07:49,665,70520,70900,8000
228,1397/7/28 9:07:54,49,70625,725,70601,70650,3015,9:07:49,1033,70600,70660,45,9:07:49,141,70600,70670,1880,9:07:49,935,70521,70674,1421,9:07:49,665,70520,70900,8000
229,1397/7/28 9:07:54,49,70625,725,70601,70650,3015,9:07:49,1033,70600,70660,45,9:07:49,141,70600,70670,1880,9:07:49,935,70521,70674,1421,9:08:01,517,70520,70900,8000
230,1397/7/28 9:07:54,49,70625,725,70601,70650,3015,9:08:03,18801,70600,70660,45,9:07:49,141,70600,70670,1880,9:07:49,935,70521,70674,1421,9:08:01,517,70520,70900,8000
231,1397/7/28 9:08:06,49,70625,1225,70601,70650,3015,9:08:06,17801,70600,70660,45,9:07:49,141,70600,70670,1880,9:07:49,935,70521,70674,1421,9:08:01,517,70520,70900,8000
232,1397/7/28 9:08:10,49,70625,1225,70601,70650,3000,9:08:06,17801,70600,70660,45,9:07:49,141,70600,70670,1880,9:07:49,935,70521,70674,1421,9:08:10,587,70520,70900,8000
233,1397/7/28 9:08:10,49,70625,1225,70601,70650,3000,9:08:06,17801,70600,70660,45,9:07:49,141,70600,70670,1880,9:07:49,935,70521,70674,1421,9:08:12,570,70520,70900,8000
234,1397/7/28 9:08:13,49,70625,1225,70601,70650,2999,9:08:06,17801,70600,70660,45,9:07:49,141,70600,70670,1880,9:07:49,935,70521,70674,1421,9:08:12,570,70520,70900,8000
235,1397/7/28 9:08:14,49,70625,1225,70601,70650,1999,9:08:06,17801,70600,70660,45,9:07:49,141,70600,70670,1880,9:07:49,935,70521,70674,1421,9:08:12,570,70520,70900,8000
236,1397/7/28 9:08:16,10,70655,401,70650,70660,45,9:08:16,1225,70601,70670,1880,9:08:16,17801,70601,70674,1421,9:08:16,141,70530,70900,8000,9:08:16,935,70521,70980,1000
237,1397/7/28 9:08:16,10,70655,401,70650,70660,45,9:08:21,662,70602,70670,1880,9:08:21,1225,70602,70674,1421,9:08:21,17801,70600,70900,8000,9:08:21,141,70530,70980,1000
238,1397/7/28 9:08:25,10,70655,451,70650,70660,45,9:08:21,662,70602,70670,1880,9:08:21,1225,70602,70674,1421,9:08:21,17801,70600,70900,8000,9:08:21,141,70530,70980,1000
239,1397/7/28 9:08:28,9,70654,599,70650,70659,1000,9:08:28,662,70602,70660,45,9:08:28,1225,70602,70670,1880,9:08:28,17801,70600,70674,1421,9:08:28,141,70530,70900,8000
240,1397/7/28 9:08:31,9,70654,599,70650,70659,500,9:08:28,662,70602,70660,45,9:08:31,725,70602,70670,1880,9:08:28,17801,70600,70674,1421,9:08:28,141,70530,70900,8000
241,1397/7/28 9:08:31,9,70654,599,70650,70659,500,9:08:28,662,70602,70660,45,9:08:35,710,70602,70670,1880,9:08:28,17801,70600,70674,1421,9:08:28,141,70530,70900,8000
242,1397/7/28 9:08:37,8,70655,710,70651,70659,500,9:08:37,599,70650,70660,45,9:08:37,662,70650,70670,1880,9:08:28,17801,70600,70674,1421,9:08:28,141,70530,70900,8000
243,1397/7/28 9:08:39,48,70626,662,70602,70650,6191,9:08:39,17801,70600,70659,500,9:08:39,141,70600,70660,45,9:08:39,935,70521,70670,1880,9:08:39,570,70520,70674,1421
244,1397/7/28 9:08:39,48,70626,662,70602,70650,6191,9:08:39,17801,70600,70659,500,9:08:39,141,70600,70660,45,9:08:41,935,70521,70670,809,9:08:39,570,70520,70674,1421
245,1397/7/28 9:08:39,48,70626,662,70602,70650,6191,9:08:44,18301,70600,70659,500,9:08:39,141,70600,70660,45,9:08:41,935,70521,70670,809,9:08:39,570,70520,70674,1421
246,1397/7/28 9:08:47,48,70626,662,70602,70650,4287,9:08:44,18301,70600,70659,500,9:08:39,141,70600,70660,45,9:08:47,570,70520,70670,809,9:08:47,423,70512,70674,1421
247,1397/7/28 9:08:49,48,70626,662,70602,70650,4260,9:08:44,18301,70600,70659,500,9:08:39,141,70600,70660,45,9:08:47,570,70520,70670,809,9:08:47,423,70512,70674,1421
248,1397/7/28 9:08:55,48,70626,862,70602,70650,4260,9:08:44,18301,70600,70659,500,9:08:39,141,70600,70660,45,9:08:47,570,70520,70670,809,9:08:47,423,70512,70674,1421
249,1397/7/28 9:08:55,48,70626,862,70602,70650,4260,9:08:57,500,70601,70659,500,9:08:57,18301,70601,70660,45,9:08:57,141,70530,70670,809,9:08:57,570,70520,70674,1421
250,1397/7/28 9:08:58,48,70626,862,70602,70650,4760,9:08:58,500,70601,70660,45,9:08:58,18301,70601,70670,809,9:08:58,141,70530,70674,1421,9:08:58,570,70520,70700,1000
251,1397/7/28 9:08:58,48,70626,862,70602,70650,4760,9:08:58,500,70601,70660,45,9:08:58,18301,70601,70670,809,9:09:00,212,70530,70674,1421,9:08:58,570,70520,70700,1000
252,1397/7/28 9:09:02,47,70626,500,70603,70650,4760,9:09:02,862,70602,70660,45,9:09:02,500,70602,70670,809,9:09:02,18301,70600,70674,1421,9:09:02,212,70530,70700,1000
253,1397/7/28 9:09:05,47,70626,500,70603,70650,1760,9:09:02,862,70602,70660,45,9:09:02,500,70602,70670,809,9:09:02,18301,70600,70674,1421,9:09:02,212,70530,70700,1000
254,1397/7/28 9:09:08,38,70631,110,70612,70650,1560,9:09:08,500,70603,70660,45,9:09:08,862,70603,70670,809,9:09:08,500,70601,70674,1421,9:09:08,18301,70600,70700,1000
255,1397/7/28 9:09:08,38,70631,110,70612,70650,1560,9:09:11,600,70604,70660,45,9:09:11,500,70604,70670,809,9:09:11,862,70602,70674,1421,9:09:11,500,70601,70700,1000
256,1397/7/28 9:09:17,38,70631,110,70612,70650,1543,9:09:11,600,70604,70660,45,9:09:11,500,70604,70670,809,9:09:11,862,70602,70674,1421,9:09:11,500,70601,70700,1000
257,1397/7/28 9:09:17,38,70631,110,70612,70650,1543,9:09:21,4700,70610,70660,45,9:09:21,600,70610,70670,809,9:09:21,500,70603,70674,1421,9:09:21,862,70602,70700,1000
258,1397/7/28 9:09:24,38,70631,110,70612,70650,1443,9:09:21,4700,70610,70660,45,9:09:21,600,70610,70670,809,9:09:21,500,70603,70674,1421,9:09:21,862,70602,70700,1000
259,1397/7/28 9:09:27,38,70631,110,70612,70650,2443,9:09:21,4700,70610,70660,45,9:09:21,600,70610,70670,809,9:09:21,500,70603,70674,1421,9:09:27,862,70602,70890,2071
260,1397/7/28 9:09:30,38,70631,97,70612,70650,2443,9:09:21,4700,70610,70660,45,9:09:21,600,70610,70670,809,9:09:21,500,70603,70674,1421,9:09:27,862,70602,70890,2071
261,1397/7/28 9:09:33,38,70631,597,70612,70650,2443,9:09:21,4700,70610,70660,45,9:09:21,600,70610,70670,809,9:09:21,500,70603,70674,1421,9:09:27,862,70602,70890,2071
262,1397/7/28 9:09:35,38,70631,547,70612,70650,2443,9:09:21,4700,70610,70660,45,9:09:21,600,70610,70670,809,9:09:21,500,70603,70674,1421,9:09:27,862,70602,70890,2071
263,1397/7/28 9:09:41,38,70631,547,70612,70650,1928,9:09:21,4700,70610,70660,45,9:09:21,600,70610,70670,809,9:09:21,500,70603,70674,1421,9:09:27,862,70602,70890,2071
264,1397/7/28 9:09:46,38,70631,673,70612,70650,4728,9:09:46,600,70604,70660,45,9:09:46,500,70604,70670,809,9:09:46,862,70602,70674,1421,9:09:46,500,70601,70890,2071
265,1397/7/28 9:09:47,38,70631,673,70612,70650,3828,9:09:46,600,70604,70660,45,9:09:46,500,70604,70670,809,9:09:46,862,70602,70674,1421,9:09:46,500,70601,70890,2071
266,1397/7/28 9:09:56,30,70635,735,70620,70650,3828,9:09:56,673,70612,70660,45,9:09:56,600,70612,70670,809,9:09:56,500,70603,70674,1421,9:09:56,862,70602,70890,2071
267,1397/7/28 9:09:57,30,70635,705,70620,70650,3828,9:09:56,673,70612,70660,45,9:09:56,600,70612,70670,809,9:09:56,500,70603,70674,1421,9:09:56,862,70602,70890,2071
268,1397/7/28 9:10:00,30,70635,705,70620,70650,3628,9:09:56,673,70612,70660,45,9:09:56,600,70612,70670,809,9:09:56,500,70603,70674,1421,9:09:56,862,70602,70890,2071
269,1397/7/28 9:10:05,30,70635,705,70620,70650,4628,9:09:56,673,70612,70660,45,9:09:56,600,70612,70670,809,9:09:56,500,70603,70674,1421,9:09:56,862,70602,70890,2071
270,1397/7/28 9:10:14,30,70635,705,70620,70650,3628,9:09:56,673,70612,70660,45,9:09:56,600,70612,70670,809,9:09:56,500,70603,70674,1421,9:09:56,862,70602,70890,2071
271,1397/7/28 9:10:15,30,70635,705,70620,70650,2628,9:09:56,673,70612,70660,45,9:09:56,600,70612,70670,809,9:09:56,500,70603,70674,1421,9:09:56,862,70602,70890,2071
272,1397/7/28 9:10:20,29,70635,10000,70621,70650,2628,9:10:20,705,70620,70660,45,9:10:20,673,70620,70670,809,9:10:20,600,70604,70674,1421,9:10:20,500,70603,70890,2071
273,1397/7/28 9:10:21,29,70635,10000,70621,70650,1628,9:10:20,705,70620,70660,45,9:10:20,673,70620,70670,809,9:10:20,600,70604,70674,1421,9:10:20,500,70603,70890,2071
274,1397/7/28 9:10:22,29,70635,10000,70621,70650,2128,9:10:20,705,70620,70660,45,9:10:20,673,70620,70670,809,9:10:20,600,70604,70674,1421,9:10:20,500,70603,70890,2071
275,1397/7/28 9:10:22,29,70635,10000,70621,70650,2128,9:10:20,705,70620,70660,45,9:10:20,673,70620,70670,809,9:10:24,110,70605,70674,1421,9:10:24,600,70604,70890,2071
276,1397/7/28 9:10:35,29,70635,10000,70621,70650,2128,9:10:20,705,70620,70660,45,9:10:20,673,70620,70670,809,9:10:24,110,70605,70674,1421,9:10:24,600,70604,70890,2071
277,1397/7/28 9:10:39,28,70636,183,70622,70650,2128,9:10:39,10000,70621,70660,45,9:10:39,705,70621,70670,809,9:10:39,673,70612,70674,1421,9:10:39,110,70605,70890,2071
278,1397/7/28 9:10:44,28,70636,183,70622,70650,2042,9:10:39,10000,70621,70660,45,9:10:39,705,70621,70670,809,9:10:39,673,70612,70674,1421,9:10:39,110,70605,70890,2071
279,1397/7/28 9:10:46,28,70636,283,70622,70650,2042,9:10:39,10000,70621,70660,45,9:10:39,705,70621,70670,809,9:10:39,673,70612,70674,1421,9:10:39,110,70605,70890,2071
280,1397/7/28 9:10:47,28,70636,3283,70622,70650,2042,9:10:47,7000,70621,70660,45,9:10:39,705,70621,70670,809,9:10:39,673,70612,70674,1421,9:10:39,110,70605,70890,2071
281,1397/7/28 9:10:49,28,70636,3283,70622,70650,1542,9:10:47,7000,70621,70660,45,9:10:49,673,70621,70670,809,9:10:49,110,70605,70674,1421,9:10:49,600,70604,70890,2071
282,1397/7/28 9:10:50,10,70655,13458,70650,70660,45,9:10:50,3283,70622,70670,809,9:10:50,7000,70622,70674,1421,9:10:50,673,70612,70890,2071,9:10:50,110,70605,70900,500
283,1397/7/28 9:10:55,10,70655,13474,70650,70660,45,9:10:50,3283,70622,70670,809,9:10:50,7000,70622,70674,1421,9:10:50,673,70612,70890,2071,9:10:50,110,70605,70900,500
284,1397/7/28 9:10:59,10,70655,13474,70650,70660,17,9:10:50,3283,70622,70670,809,9:10:50,7000,70622,70674,1421,9:10:50,673,70612,70890,2071,9:10:50,110,70605,70900,500
285,1397/7/28 9:11:00,10,70655,13294,70650,70660,17,9:10:50,3283,70622,70670,809,9:10:50,7000,70622,70674,1421,9:10:50,673,70612,70890,2071,9:10:50,110,70605,70900,500
286,1397/7/28 9:11:06,10,70665,33,70660,70670,809,9:11:06,13294,70650,70674,1421,9:11:06,3283,70650,70890,2071,9:11:06,7000,70621,70900,500,9:11:06,673,70612,70980,1000
287,1397/7/28 9:11:06,10,70665,33,70660,70670,809,9:11:07,183,70651,70674,1421,9:11:07,13294,70651,70890,2071,9:11:07,7600,70623,70900,500,9:11:07,3100,70622,70980,1000
288,1397/7/28 9:11:15,10,70665,33,70660,70670,509,9:11:07,183,70651,70674,1421,9:11:07,13294,70651,70890,2071,9:11:07,7600,70623,70900,500,9:11:07,3100,70622,70980,1000
289,1397/7/28 9:11:15,10,70665,33,70660,70670,509,9:11:20,183,70651,70673,1000,9:11:20,13294,70651,70674,1421,9:11:20,7600,70623,70890,2071,9:11:20,3100,70622,70900,500
290,1397/7/28 9:11:29,9,70655,183,70651,70660,1467,9:11:29,13294,70650,70670,509,9:11:29,7600,70650,70673,1000,9:11:29,3100,70622,70674,1421,9:11:29,673,70612,70890,2071
291,1397/7/28 9:11:29,9,70655,183,70651,70660,1467,9:11:51,13322,70650,70670,509,9:11:29,7600,70650,70673,1000,9:11:29,3100,70622,70674,1421,9:11:29,673,70612,70890,2071
292,1397/7/28 9:11:55,9,70655,183,70651,70660,970,9:11:51,13322,70650,70670,509,9:11:29,7600,70650,70673,1000,9:11:29,3100,70622,70674,1421,9:11:29,673,70612,70890,2071
293,1397/7/28 9:12:02,10,70665,30,70660,70670,509,9:12:02,183,70651,70673,1000,9:12:02,13322,70651,70674,1421,9:12:02,7600,70623,70890,2071,9:12:02,3100,70622,70900,500
294,1397/7/28 9:12:11,10,70665,30,70660,70670,409,9:12:02,183,70651,70673,1000,9:12:02,13322,70651,70674,1421,9:12:02,7600,70623,70890,2071,9:12:02,3100,70622,70900,500
295,1397/7/28 9:12:22,10,70665,43,70660,70670,409,9:12:02,183,70651,70673,1000,9:12:02,13322,70651,70674,1421,9:12:02,7600,70623,70890,2071,9:12:02,3100,70622,70900,500
296,1397/7/28 9:12:26,10,70665,115,70660,70670,409,9:12:02,183,70651,70673,1000,9:12:02,13322,70651,70674,1421,9:12:02,7600,70623,70890,2071,9:12:02,3100,70622,70900,500
297,1397/7/28 9:12:30,10,70665,115,70660,70670,9,9:12:02,183,70651,70673,1000,9:12:02,13322,70651,70674,1421,9:12:02,7600,70623,70890,2071,9:12:02,3100,70622,70900,500
298,1397/7/28 9:12:36,10,70665,225,70660,70670,9,9:12:02,183,70651,70673,1000,9:12:02,13322,70651,70674,1421,9:12:02,7600,70623,70890,2071,9:12:02,3100,70622,70900,500
299,1397/7/28 9:12:37,9,70655,183,70651,70660,775,9:12:37,13322,70650,70670,9,9:12:37,7600,70650,70673,1000,9:12:37,3100,70622,70674,1421,9:12:37,743,70612,70890,2071
300,1397/7/28 9:12:37,9,70655,183,70651,70660,775,9:12:37,13322,70650,70670,9,9:12:37,7600,70650,70673,1000,9:12:37,3100,70622,70674,1421,9:12:40,743,70612,70700,100
301,1397/7/28 9:12:52,22,70662,183,70651,70673,284,9:12:52,13322,70650,70674,1421,9:12:52,7600,70650,70700,100,9:12:52,3100,70622,70890,2071,9:12:52,743,70612,70900,500
302,1397/7/28 9:12:53,13,70666,128,70660,70673,284,9:12:53,183,70651,70674,1421,9:12:53,13322,70651,70700,100,9:12:53,7600,70623,70890,2071,9:12:53,3100,70622,70900,500
303,1397/7/28 9:12:54,13,70666,199,70660,70673,284,9:12:53,183,70651,70674,1421,9:12:53,13322,70651,70700,100,9:12:53,7600,70623,70890,2071,9:12:53,3100,70622,70900,500
304,1397/7/28 9:13:06,10,70665,199,70660,70670,5510,9:13:06,183,70651,70673,284,9:13:06,13322,70651,70674,1421,9:13:06,7600,70623,70700,100,9:13:06,3100,70622,70890,2071
305,1397/7/28 9:13:08,10,70665,299,70660,70670,5510,9:13:06,183,70651,70673,284,9:13:06,13322,70651,70674,1421,9:13:06,7600,70623,70700,100,9:13:06,3100,70622,70890,2071
306,1397/7/28 9:13:15,10,70665,580,70660,70670,5510,9:13:06,183,70651,70673,284,9:13:06,13322,70651,70674,1421,9:13:06,7600,70623,70700,100,9:13:06,3100,70622,70890,2071
307,1397/7/28 9:13:23,10,70665,452,70660,70670,5510,9:13:06,183,70651,70673,284,9:13:06,13322,70651,70674,1421,9:13:06,7600,70623,70700,100,9:13:06,3100,70622,70890,2071
308,1397/7/28 9:13:23,10,70665,452,70660,70670,5510,9:13:32,467,70651,70673,284,9:13:06,13322,70651,70674,1421,9:13:06,7600,70623,70700,100,9:13:06,3100,70622,70890,2071
309,1397/7/28 9:13:33,10,70665,452,70660,70670,5370,9:13:32,467,70651,70673,284,9:13:06,13322,70651,70674,1421,9:13:06,7600,70623,70700,100,9:13:06,3100,70622,70890,2071
310,1397/7/28 9:13:43,8,70666,28,70662,70670,5370,9:13:43,452,70660,70673,284,9:13:43,467,70660,70674,1421,9:13:43,13322,70650,70700,100,9:13:43,7600,70623,70890,2071
311,1397/7/28 9:13:44,8,70666,28,70662,70670,5342,9:13:43,452,70660,70673,284,9:13:43,467,70660,70674,1421,9:13:43,13322,70650,70700,100,9:13:43,7600,70623,70890,2071
312,1397/7/28 9:13:52,8,70666,28,70662,70670,5214,9:13:43,452,70660,70673,284,9:13:43,467,70660,70674,1421,9:13:43,13322,70650,70700,100,9:13:43,7600,70623,70890,2071
313,1397/7/28 9:13:57,8,70666,28,70662,70670,3814,9:13:43,452,70660,70673,284,9:13:43,467,70660,70674,1421,9:13:43,13322,70650,70700,100,9:13:43,7600,70623,70890,2071
314,1397/7/28 9:14:00,8,70666,28,70662,70670,3673,9:13:43,452,70660,70673,284,9:13:43,467,70660,70674,1421,9:13:43,13322,70650,70700,100,9:13:43,7600,70623,70890,2071
315,1397/7/28 9:14:00,8,70666,28,70662,70670,3673,9:13:43,452,70660,70673,284,9:13:43,467,70660,70674,1421,9:14:21,13370,70650,70700,100,9:13:43,7600,70623,70890,2071
316,1397/7/28 9:14:23,8,70666,28,70662,70670,3559,9:13:43,452,70660,70673,284,9:13:43,467,70660,70674,1421,9:14:21,13370,70650,70700,100,9:13:43,7600,70623,70890,2071
317,1397/7/28 9:14:29,8,70666,100,70662,70670,3559,9:13:43,452,70660,70673,284,9:13:43,467,70660,70674,1421,9:14:21,13370,70650,70700,100,9:13:43,7600,70623,70890,2071
318,1397/7/28 9:14:29,8,70666,100,70662,70670,3559,9:13:43,452,70660,70673,284,9:13:43,467,70660,70674,1421,9:14:21,13370,70650,70700,100,9:14:30,7600,70623,70900,500
319,1397/7/28 9:14:34,8,70666,100,70662,70670,2679,9:13:43,452,70660,70673,284,9:13:43,467,70660,70674,1421,9:14:21,13370,70650,70700,100,9:14:30,7600,70623,70900,500
320,1397/7/28 9:14:38,8,70666,100,70662,70670,2866,9:13:43,452,70660,70673,284,9:13:43,467,70660,70674,1421,9:14:21,13370,70650,70700,100,9:14:30,7600,70623,70900,500
321,1397/7/28 9:14:43,7,70665,100,70662,70669,1022,9:14:43,452,70660,70670,2866,9:14:43,467,70660,70673,284,9:14:43,13370,70650,70674,1421,9:14:43,7600,70623,70700,100
322,1397/7/28 9:14:52,8,70666,100,70662,70670,2866,9:14:52,452,70660,70673,284,9:14:52,467,70660,70674,1421,9:14:52,13370,70650,70700,100,9:14:52,7600,70623,70900,500
323,1397/7/28 9:15:01,8,70666,171,70662,70670,2866,9:14:52,452,70660,70673,284,9:14:52,467,70660,70674,1421,9:14:52,13370,70650,70700,100,9:14:52,7600,70623,70900,500
324,1397/7/28 9:15:05,8,70666,171,70662,70670,766,9:14:52,452,70660,70673,284,9:14:52,467,70660,70674,1421,9:14:52,13370,70650,70700,100,9:14:52,7600,70623,70900,500
325,1397/7/28 9:15:13,11,70667,171,70662,70673,284,9:15:13,452,70660,70674,1421,9:15:13,467,70660,70700,100,9:15:13,13370,70650,70900,500,9:15:13,7600,70623,70970,2071
326,1397/7/28 9:15:18,26,70687,1295,70674,70700,100,9:15:18,171,70662,70900,500,9:15:18,452,70662,70970,2071,9:15:18,467,70651,70980,1000,9:15:18,13370,70650,71000,11895
327,1397/7/28 9:15:18,26,70687,1295,70674,70700,100,9:15:23,500,70670,70900,500,9:15:23,171,70670,70970,2071,9:15:23,452,70660,70980,1000,9:15:23,467,70651,71000,11895
328,1397/7/28 9:15:24,226,70787,1295,70674,70900,500,9:15:24,500,70670,70970,2071,9:15:24,171,70670,70980,1000,9:15:24,452,70660,71000,11895,9:15:24,467,70651,71001,86
329,1397/7/28 9:15:33,326,70837,1295,70674,71000,5466,9:15:33,500,70670,71001,86,9:15:33,171,70670,71180,1000,9:15:33,452,70660,71280,12537,9:15:33,467,70651,71400,3500
330,1397/7/28 9:15:39,326,70837,1295,70674,71000,466,9:15:33,500,70670,71001,86,9:15:33,171,70670,71180,1000,9:15:33,452,70660,71280,12537,9:15:33,467,70651,71400,3500
331,1397/7/28 9:15:39,326,70837,1295,70674,71000,466,9:15:33,500,70670,71001,86,9:15:33,171,70670,71180,1000,9:15:33,452,70660,71280,12537,9:15:40,7467,70651,71400,3500
332,1397/7/28 9:15:44,1,71000,829,71000,71001,86,9:15:44,500,70670,71180,1000,9:15:44,171,70670,71280,12537,9:15:44,452,70660,71400,3500,9:15:44,7467,70651,71500,3124
333,1397/7/28 9:15:45,1,71000,729,71000,71001,86,9:15:45,71,70674,71180,1000,9:15:45,500,70674,71280,12537,9:15:45,100,70662,71400,3500,9:15:45,452,70660,71500,3124
334,1397/7/28 9:15:46,1,71000,689,71000,71001,86,9:15:45,71,70674,71180,1000,9:15:45,500,70674,71280,12537,9:15:45,100,70662,71400,3500,9:15:45,452,70660,71500,3124
335,1397/7/28 9:15:49,326,70837,71,70674,71000,311,9:15:49,500,70670,71001,86,9:15:49,100,70670,71180,1000,9:15:49,452,70660,71280,12537,9:15:49,7467,70651,71400,3500
336,1397/7/28 9:15:53,326,70837,71,70674,71000,291,9:15:49,500,70670,71001,86,9:15:49,100,70670,71180,1000,9:15:49,452,70660,71280,12537,9:15:49,7467,70651,71400,3500
337,1397/7/28 9:15:56,180,71090,155,71000,71180,377,9:15:56,71,70674,71280,12537,9:15:56,500,70674,71400,3500,9:15:56,100,70662,71500,3124,9:15:56,452,70660,71550,170
338,1397/7/28 9:15:57,180,71090,155,71000,71180,28,9:15:56,71,70674,71280,12537,9:15:56,500,70674,71400,3500,9:15:57,3100,70662,71500,3124,9:15:56,452,70660,71550,170
339,1397/7/28 9:15:59,280,71140,155,71000,71280,7565,9:15:59,71,70674,71400,3500,9:15:59,500,70674,71500,3124,9:15:59,3100,70662,71550,170,9:15:59,452,70660,71600,3500
340,1397/7/28 9:15:59,280,71140,155,71000,71280,7565,9:16:01,371,70674,71400,3500,9:15:59,500,70674,71500,3124,9:15:59,3100,70662,71550,170,9:15:59,452,70660,71600,3500
341,1397/7/28 9:16:08,280,71140,155,71000,71280,2565,9:16:01,371,70674,71400,3500,9:15:59,500,70674,71500,3124,9:15:59,3100,70662,71550,170,9:15:59,452,70660,71600,3500
342,1397/7/28 9:16:09,280,71140,1155,71000,71280,2565,9:16:01,371,70674,71400,3500,9:15:59,500,70674,71500,3124,9:16:09,3400,70662,71550,170,9:15:59,452,70660,71600,3500
343,1397/7/28 9:16:12,120,71340,4435,71280,71400,3500,9:16:12,1155,71000,71500,3124,9:16:12,371,71000,71550,170,9:16:12,500,70670,71600,3500,9:16:12,3400,70662,71647,50
344,1397/7/28 9:16:16,120,71340,4435,71280,71400,3429,9:16:12,1155,71000,71500,3124,9:16:16,300,71000,71550,170,9:16:12,500,70670,71600,3500,9:16:12,3400,70662,71647,50
345,1397/7/28 9:16:17,119,71339,4435,71280,71399,1000,9:16:17,1155,71000,71400,3429,9:16:17,300,71000,71500,2124,9:16:17,500,70670,71550,170,9:16:17,3400,70662,71600,3500
346,1397/7/28 9:16:19,119,71339,4435,71280,71399,929,9:16:17,1155,71000,71400,3429,9:16:17,300,71000,71500,2124,9:16:17,500,70670,71550,170,9:16:17,3400,70662,71600,3500
347,1397/7/28 9:16:20,120,71340,4435,71280,71400,2858,9:16:20,1155,71000,71500,2124,9:16:20,300,71000,71550,170,9:16:20,500,70670,71600,3500,9:16:20,3400,70662,71647,1050
348,1397/7/28 9:16:24,120,71340,4935,71280,71400,2858,9:16:20,1155,71000,71500,2124,9:16:20,300,71000,71550,170,9:16:20,500,70670,71600,3500,9:16:20,3400,70662,71647,1050
349,1397/7/28 9:16:26,120,71340,4935,71280,71400,2753,9:16:20,1155,71000,71500,2124,9:16:20,300,71000,71550,170,9:16:20,500,70670,71600,3500,9:16:20,3400,70662,71647,1050
350,1397/7/28 9:16:27,120,71340,4935,71280,71400,2453,9:16:20,1155,71000,71500,2124,9:16:20,300,71000,71550,170,9:16:20,500,70670,71600,3500,9:16:20,3400,70662,71647,1050
351,1397/7/28 9:16:31,120,71340,5235,71280,71400,2453,9:16:20,1155,71000,71500,2124,9:16:20,300,71000,71550,170,9:16:20,500,70670,71600,3500,9:16:20,3400,70662,71647,1050
352,1397/7/28 9:16:36,120,71340,5805,71280,71400,2453,9:16:36,1455,71000,71500,2124,9:16:20,300,71000,71550,170,9:16:20,500,70670,71600,3500,9:16:20,3400,70662,71647,1050
353,1397/7/28 9:16:41,120,71340,1370,71280,71400,2453,9:16:41,4435,71001,71500,2124,9:16:41,1455,71001,71550,170,9:16:41,300,70674,71600,3500,9:16:41,500,70670,71647,1050
354,1397/7/28 9:16:44,120,71340,1370,71280,71400,1831,9:16:41,4435,71001,71500,2124,9:16:44,1300,71001,71550,170,9:16:41,300,70674,71600,3500,9:16:41,500,70670,71647,1050
355,1397/7/28 9:16:44,120,71340,1370,71280,71400,1831,9:16:50,1300,71000,71500,2124,9:16:50,300,71000,71550,170,9:16:50,500,70670,71600,3500,9:16:50,3400,70662,71647,1050
356,1397/7/28 9:16:51,118,71341,30,71282,71400,1831,9:16:51,1370,71280,71500,2124,9:16:51,1300,71280,71550,170,9:16:51,300,70674,71600,3500,9:16:51,500,70670,71647,1050
357,1397/7/28 9:16:59,118,71341,30,71282,71400,1761,9:16:51,1370,71280,71500,2124,9:16:51,1300,71280,71550,170,9:16:51,300,70674,71600,3500,9:16:51,500,70670,71647,1050
358,1397/7/28 9:16:59,118,71341,30,71282,71400,1761,9:16:51,1370,71280,71500,2124,9:17:00,1800,71280,71550,170,9:16:51,300,70674,71600,3500,9:16:51,500,70670,71647,1050
359,1397/7/28 9:16:59,118,71341,30,71282,71400,1761,9:16:51,1370,71280,71500,2124,9:17:02,2165,71280,71550,170,9:16:51,300,70674,71600,3500,9:16:51,500,70670,71647,1050
360,1397/7/28 9:17:07,118,71341,30,71282,71400,1746,9:16:51,1370,71280,71500,2124,9:17:02,2165,71280,71550,170,9:16:51,300,70674,71600,3500,9:16:51,500,70670,71647,1050
361,1397/7/28 9:17:12,118,71341,30,71282,71400,1715,9:16:51,1370,71280,71500,2124,9:17:02,2165,71280,71550,170,9:16:51,300,70674,71600,3500,9:16:51,500,70670,71647,1050
362,1397/7/28 9:17:12,118,71341,30,71282,71400,1715,9:17:15,1530,71280,71500,2124,9:17:02,2165,71280,71550,170,9:16:51,300,70674,71600,3500,9:16:51,500,70670,71647,1050
363,1397/7/28 9:17:16,118,71341,169,71282,71400,1715,9:17:15,1530,71280,71500,2124,9:17:02,2165,71280,71550,170,9:16:51,300,70674,71600,3500,9:16:51,500,70670,71647,1050
364,1397/7/28 9:17:27,118,71341,169,71282,71400,1825,9:17:15,1530,71280,71500,2124,9:17:02,2165,71280,71550,170,9:16:51,300,70674,71600,3500,9:16:51,500,70670,71647,1050
365,1397/7/28 9:17:28,118,71341,469,71282,71400,1825,9:17:15,1530,71280,71500,2124,9:17:02,2165,71280,71550,170,9:16:51,300,70674,71600,3500,9:16:51,500,70670,71647,1050
366,1397/7/28 9:17:28,118,71341,469,71282,71400,1825,9:17:15,1530,71280,71500,2124,9:17:29,28,71280,71550,170,9:17:29,2165,71000,71600,3500,9:17:29,300,70674,71647,1050
367,1397/7/28 9:17:28,118,71341,469,71282,71400,1825,9:17:15,1530,71280,71500,2124,9:17:29,28,71280,71550,170,9:17:29,2165,71000,71600,3500,9:17:33,300,70700,71647,1050
368,1397/7/28 9:17:40,110,71345,2000,71290,71400,1825,9:17:40,469,71282,71500,2124,9:17:40,1530,71282,71550,170,9:17:40,28,71200,71600,3500,9:17:40,2165,71000,71647,1050
369,1397/7/28 9:17:40,110,71345,2000,71290,71400,1825,9:17:41,631,71282,71500,2124,9:17:41,1370,71282,71550,170,9:17:40,28,71200,71600,3500,9:17:41,4000,71001,71647,1050
370,1397/7/28 9:17:55,108,71346,30,71292,71400,1825,9:17:55,2020,71290,71500,2124,9:17:55,601,71290,71550,170,9:17:55,1370,71280,71600,3500,9:17:55,28,71200,71647,1050
371,1397/7/28 9:17:59,107,71345,30,71292,71399,110,9:17:59,2020,71290,71400,1715,9:17:59,601,71290,71500,2124,9:17:59,1370,71280,71550,170,9:17:59,28,71200,71600,3500
372,1397/7/28 9:17:59,107,71345,30,71292,71399,110,9:17:59,2020,71290,71400,1715,9:18:00,621,71290,71500,2124,9:17:59,1370,71280,71550,170,9:17:59,28,71200,71600,3500
373,1397/7/28 9:17:59,107,71345,30,71292,71399,110,9:18:03,2020,71290,71400,1765,9:18:00,621,71290,71500,2124,9:17:59,1370,71280,71550,170,9:17:59,28,71200,71600,3500
374,1397/7/28 9:18:04,100,71349,500,71299,71399,110,9:18:04,30,71292,71400,1765,9:18:04,2810,71292,71500,2124,9:18:04,621,71282,71550,170,9:18:04,1370,71280,71600,3500
375,1397/7/28 9:18:04,100,71349,500,71299,71399,110,9:18:04,30,71292,71400,1765,9:18:08,2810,71292,71500,2734,9:18:04,621,71282,71550,170,9:18:04,1370,71280,71600,3500
376,1397/7/28 9:18:11,100,71349,663,71299,71399,110,9:18:04,30,71292,71400,1765,9:18:08,2810,71292,71500,2734,9:18:11,459,71282,71550,170,9:18:04,1370,71280,71600,3500
377,1397/7/28 9:18:14,99,71349,1000,71300,71399,110,9:18:14,663,71299,71400,1765,9:18:14,30,71299,71500,2734,9:18:14,810,71290,71550,170,9:18:14,459,71282,71600,3500
378,1397/7/28 9:18:15,1,71399,290,71399,71400,1765,9:18:15,1000,71300,71500,2734,9:18:15,663,71300,71550,170,9:18:15,30,71292,71600,3500,9:18:15,810,71290,71647,1050
379,1397/7/28 9:18:15,1,71399,290,71399,71400,1765,9:18:15,1000,71300,71500,2734,9:18:18,693,71300,71550,170,9:18:15,30,71292,71600,3500,9:18:15,810,71290,71647,1050
380,1397/7/28 9:18:15,1,71399,290,71399,71400,1765,9:18:15,1000,71300,71500,2734,9:18:18,693,71300,71550,170,9:18:15,30,71292,71600,3500,9:18:22,20,71290,71647,1050
381,1397/7/28 9:18:26,1,71399,429,71399,71400,1765,9:18:15,1000,71300,71500,2734,9:18:18,693,71300,71550,170,9:18:15,30,71292,71600,3500,9:18:22,20,71290,71647,1050
382,1397/7/28 9:18:28,100,71450,1235,71400,71500,2734,9:18:28,429,71399,71550,170,9:18:28,1000,71399,71600,3500,9:18:28,693,71299,71647,1050,9:18:28,30,71292,71800,4935
383,1397/7/28 9:18:29,100,71450,625,71400,71500,2124,9:18:28,429,71399,71550,170,9:18:28,1000,71399,71600,3500,9:18:28,693,71299,71647,1050,9:18:28,30,71292,71800,4935
384,1397/7/28 9:18:36,100,71450,655,71400,71500,1961,9:18:28,429,71399,71550,170,9:18:28,1000,71399,71600,3500,9:18:36,530,71299,71647,1050,9:18:36,20,71290,71800,4935
385,1397/7/28 9:18:36,100,71450,655,71400,71500,1961,9:18:28,429,71399,71550,170,9:18:28,1000,71399,71600,3500,9:18:36,530,71299,71647,1050,9:18:37,320,71282,71800,4935
386,1397/7/28 9:18:43,100,71450,655,71400,71500,1661,9:18:28,429,71399,71550,170,9:18:28,1000,71399,71600,3500,9:18:36,530,71299,71647,1050,9:18:37,320,71282,71800,4935
387,1397/7/28 9:18:43,100,71450,655,71400,71500,1661,9:18:28,429,71399,71550,170,9:18:45,1000,71399,71600,3938,9:18:36,530,71299,71647,1050,9:18:37,320,71282,71800,4935
388,1397/7/28 9:18:49,100,71450,1335,71400,71500,1861,9:18:28,429,71399,71550,170,9:18:45,1000,71399,71600,3938,9:18:36,530,71299,71647,1050,9:18:37,320,71282,71800,4935
389,1397/7/28 9:18:52,100,71450,1474,71400,71500,1861,9:18:52,290,71399,71550,170,9:18:45,1000,71399,71600,3938,9:18:36,530,71299,71647,1050,9:18:37,320,71282,71800,4935
390,1397/7/28 9:18:53,99,71450,30,71401,71500,1861,9:18:53,1444,71400,71550,170,9:18:53,290,71400,71600,3938,9:18:53,1000,71300,71647,1050,9:18:53,530,71299,71800,4935
391,1397/7/28 9:18:53,99,71450,30,71401,71500,1861,9:18:53,1444,71400,71550,170,9:18:56,290,71400,71600,3500,9:18:53,1000,71300,71647,1050,9:18:53,530,71299,71800,4935
392,1397/7/28 9:19:03,100,71450,1224,71400,71500,1861,9:19:03,290,71399,71550,170,9:19:03,1000,71399,71600,3500,9:19:03,530,71299,71647,1050,9:19:03,320,71282,71800,4935
393,1397/7/28 9:19:05,100,71450,1224,71400,71500,1671,9:19:05,1000,71300,71550,170,9:19:05,530,71300,71600,3500,9:19:05,320,71282,71647,1050,9:19:05,1370,71280,71800,4935
394,1397/7/28 9:19:10,100,71450,1294,71400,71500,1671,9:19:05,1000,71300,71550,170,9:19:05,530,71300,71600,3500,9:19:05,320,71282,71647,1050,9:19:10,1370,71280,71799,50
395,1397/7/28 9:19:13,99,71450,22,71401,71500,1639,9:19:13,1342,71400,71550,170,9:19:13,1000,71400,71600,3500,9:19:13,530,71299,71647,1050,9:19:13,320,71282,71799,50
396,1397/7/28 9:19:17,99,71450,1476,71401,71500,1639,9:19:13,1342,71400,71550,170,9:19:13,1000,71400,71600,3500,9:19:13,530,71299,71647,1050,9:19:13,320,71282,71799,50
397,1397/7/28 9:19:17,99,71450,1476,71401,71500,1639,9:19:13,1342,71400,71550,170,9:19:20,1000,71400,71600,3938,9:19:13,530,71299,71647,1050,9:19:13,320,71282,71799,50
398,1397/7/28 9:19:25,99,71450,1476,71401,71500,1000,9:19:25,1203,71400,71550,170,9:19:25,1500,71400,71600,3938,9:19:13,530,71299,71647,1050,9:19:13,320,71282,71799,50
399,1397/7/28 9:19:25,99,71450,1476,71401,71500,1000,9:19:25,1203,71400,71550,170,9:19:26,1700,71400,71600,3938,9:19:13,530,71299,71647,1050,9:19:13,320,71282,71799,50
400,1397/7/28 9:19:25,99,71450,1476,71401,71500,1000,9:19:28,608,71400,71550,170,9:19:26,1700,71400,71600,3938,9:19:13,530,71299,71647,1050,9:19:13,320,71282,71799,50
401,1397/7/28 9:19:36,149,71475,1476,71401,71550,170,9:19:36,608,71400,71600,3938,9:19:36,1700,71400,71647,1050,9:19:36,530,71299,71799,50,9:19:36,320,71282,71800,4935
402,1397/7/28 9:19:44,50,71525,19,71500,71550,170,9:19:44,1476,71401,71600,3938,9:19:44,608,71401,71647,1050,9:19:44,1700,71300,71799,50,9:19:44,530,71299,71800,4935
403,1397/7/28 9:19:46,50,71525,699,71500,71550,170,9:19:44,1476,71401,71600,3938,9:19:44,608,71401,71647,1050,9:19:44,1700,71300,71799,50,9:19:44,530,71299,71800,4935
404,1397/7/28 9:19:52,100,71550,699,71500,71600,3108,9:19:52,1476,71401,71647,1050,9:19:52,608,71401,71799,50,9:19:52,1700,71300,71800,4935,9:19:52,530,71299,71830,660
405,1397/7/28 9:20:02,100,71550,699,71500,71600,3086,9:20:02,1454,71401,71647,1050,9:19:52,608,71401,71799,50,9:19:52,1700,71300,71800,4935,9:19:52,530,71299,71830,660
406,1397/7/28 9:20:08,100,71550,619,71500,71600,3086,9:20:02,1454,71401,71647,1050,9:19:52,608,71401,71799,50,9:19:52,1700,71300,71800,4935,9:19:52,530,71299,71830,660
407,1397/7/28 9:20:10,198,71500,1454,71401,71599,1000,9:20:10,608,71400,71600,3086,9:20:10,1700,71400,71647,1050,9:20:10,530,71299,71799,50,9:20:10,320,71282,71800,4935
408,1397/7/28 9:20:10,198,71500,1454,71401,71599,1000,9:20:10,608,71400,71600,3086,9:20:12,1700,71400,71647,50,9:20:10,530,71299,71799,50,9:20:10,320,71282,71800,4935
409,1397/7/28 9:20:19,99,71549,68,71500,71599,1000,9:20:19,1454,71401,71600,3086,9:20:19,608,71401,71647,50,9:20:19,1700,71300,71799,50,9:20:19,530,71299,71800,4935
410,1397/7/28 9:20:24,99,71549,68,71500,71599,915,9:20:19,1454,71401,71600,3086,9:20:24,523,71401,71647,50,9:20:19,1700,71300,71799,50,9:20:19,530,71299,71800,4935
411,1397/7/28 9:20:24,99,71549,68,71500,71599,915,9:20:19,1454,71401,71600,3086,9:20:24,523,71401,71647,50,9:20:32,9700,71300,71799,50,9:20:19,530,71299,71800,4935
412,1397/7/28 9:20:24,99,71549,68,71500,71599,915,9:20:33,523,71400,71600,3086,9:20:33,9700,71400,71647,50,9:20:33,530,71299,71799,50,9:20:33,320,71282,71800,4935
413,1397/7/28 9:20:37,49,71574,66,71550,71599,915,9:20:37,68,71500,71600,3086,9:20:37,523,71500,71647,50,9:20:37,9700,71300,71799,50,9:20:37,530,71299,71800,4935
414,1397/7/28 9:20:37,49,71574,66,71550,71599,915,9:20:39,68,71500,71600,3286,9:20:37,523,71500,71647,50,9:20:37,9700,71300,71799,50,9:20:37,530,71299,71800,4935
415,1397/7/28 9:20:37,49,71574,66,71550,71599,915,9:20:39,68,71500,71600,3286,9:20:37,523,71500,71647,50,9:20:42,9700,71300,71747,7000,9:20:42,530,71299,71799,50
416,1397/7/28 9:20:37,49,71574,66,71550,71599,915,9:20:47,68,71500,71600,2848,9:20:37,523,71500,71647,50,9:20:42,9700,71300,71747,7000,9:20:42,530,71299,71799,50
417,1397/7/28 9:20:55,49,71574,66,71550,71599,887,9:20:47,68,71500,71600,2848,9:20:37,523,71500,71647,50,9:20:55,4000,71301,71747,7000,9:20:55,9700,71300,71799,50
418,1397/7/28 9:20:57,50,71525,68,71500,71550,14,9:20:57,523,71400,71599,887,9:20:57,4000,71400,71600,2848,9:20:57,9700,71300,71647,50,9:20:57,530,71299,71747,7000
419,1397/7/28 9:20:57,50,71525,68,71500,71550,14,9:20:57,523,71400,71599,887,9:20:57,4000,71400,71600,2848,9:20:57,9700,71300,71647,50,9:21:12,530,71299,71799,50
420,1397/7/28 9:21:23,50,71525,68,71500,71550,66,9:20:57,523,71400,71599,887,9:20:57,4000,71400,71600,2848,9:20:57,9700,71300,71647,50,9:21:12,530,71299,71799,50
421,1397/7/28 9:21:24,49,71574,1385,71550,71599,887,9:21:24,55,71500,71600,2848,9:21:24,523,71500,71647,50,9:21:24,4000,71301,71799,50,9:21:24,9700,71300,71800,4935
422,1397/7/28 9:21:25,49,71574,2775,71550,71599,887,9:21:24,55,71500,71600,2848,9:21:24,523,71500,71647,50,9:21:24,4000,71301,71799,50,9:21:24,9700,71300,71800,4935
423,1397/7/28 9:21:25,49,71574,2775,71550,71599,887,9:21:24,55,71500,71600,2848,9:21:26,475,71500,71647,50,9:21:24,4000,71301,71799,50,9:21:26,9748,71300,71800,4935
424,1397/7/28 9:21:36,50,71575,2775,71550,71600,2848,9:21:36,55,71500,71647,50,9:21:36,475,71500,71799,50,9:21:36,4000,71301,71800,4935,9:21:36,8748,71300,71830,1660
425,1397/7/28 9:21:36,50,71575,2775,71550,71600,2848,9:21:36,55,71500,71647,50,9:21:39,1171,71500,71799,50,9:21:36,4000,71301,71800,4935,9:21:36,8748,71300,71830,1660
426,1397/7/28 9:21:45,50,71575,2775,71550,71600,2348,9:21:36,55,71500,71647,50,9:21:39,1171,71500,71799,50,9:21:36,4000,71301,71800,4935,9:21:36,8748,71300,71830,1660
427,1397/7/28 9:21:46,50,71575,2775,71550,71600,1748,9:21:36,55,71500,71647,50,9:21:39,1171,71500,71799,50,9:21:36,4000,71301,71800,4935,9:21:36,8748,71300,71830,1660
428,1397/7/28 9:21:48,49,71575,500,71551,71600,1748,9:21:48,2775,71550,71647,50,9:21:48,55,71550,71799,50,9:21:48,1171,71400,71800,4935,9:21:48,4000,71301,71830,1660
429,1397/7/28 9:21:59,49,71575,500,71551,71600,17748,9:21:48,2775,71550,71647,50,9:21:48,55,71550,71799,50,9:21:48,1171,71400,71800,4935,9:21:48,4000,71301,71830,1660
430,1397/7/28 9:22:07,48,71576,32,71552,71600,17748,9:22:07,500,71551,71647,50,9:22:07,2775,71551,71799,50,9:22:07,55,71500,71800,4935,9:22:07,1171,71400,71830,1660
431,1397/7/28 9:22:08,48,71576,32,71552,71600,17469,9:22:07,500,71551,71647,50,9:22:07,2775,71551,71799,50,9:22:07,55,71500,71800,4935,9:22:07,1171,71400,71830,1660
432,1397/7/28 9:22:13,1,71599,100,71599,71600,17469,9:22:13,32,71552,71647,50,9:22:13,500,71552,71799,50,9:22:13,2775,71550,71800,4935,9:22:13,55,71500,71830,1660
433,1397/7/28 9:22:13,1,71599,100,71599,71600,17469,9:22:16,15,71553,71647,50,9:22:16,32,71553,71799,50,9:22:16,500,71551,71800,4935,9:22:16,2775,71550,71830,1660
434,1397/7/28 9:22:21,50,71575,2422,71550,71600,17469,9:22:21,55,71500,71647,50,9:22:21,1171,71500,71799,50,9:22:21,4000,71301,71800,4935,9:22:21,8748,71300,71830,1660
435,1397/7/28 9:22:27,50,71575,3213,71550,71600,17469,9:22:21,55,71500,71647,50,9:22:21,1171,71500,71799,50,9:22:21,4000,71301,71800,4935,9:22:21,8748,71300,71830,1660
436,1397/7/28 9:22:30,49,71574,3213,71550,71599,485,9:22:30,55,71500,71600,17469,9:22:30,1171,71500,71647,50,9:22:30,4000,71301,71799,50,9:22:30,8748,71300,71800,4935
437,1397/7/28 9:22:33,49,71574,3241,71550,71599,485,9:22:30,55,71500,71600,17469,9:22:30,1171,71500,71647,50,9:22:30,4000,71301,71799,50,9:22:30,8748,71300,71800,4935
438,1397/7/28 9:22:35,48,71575,696,71551,71599,485,9:22:35,3241,71550,71600,17469,9:22:35,55,71550,71647,50,9:22:35,475,71400,71799,50,9:22:35,4000,71301,71800,4935
439,1397/7/28 9:22:36,48,71575,696,71551,71599,565,9:22:35,3241,71550,71600,17469,9:22:35,55,71550,71647,50,9:22:35,475,71400,71799,50,9:22:36,4000,71301,71800,5885
440,1397/7/28 9:22:36,48,71575,696,71551,71599,565,9:22:35,3241,71550,71600,17469,9:22:35,55,71550,71647,50,9:22:35,475,71400,71799,50,9:22:39,1410,71302,71800,5885
441,1397/7/28 9:22:40,49,71575,696,71551,71600,7634,9:22:40,3241,71550,71647,50,9:22:40,55,71550,71799,50,9:22:40,475,71400,71800,5885,9:22:40,1410,71302,71830,1660
442,1397/7/28 9:22:40,49,71575,696,71551,71600,7634,9:22:40,3241,71550,71647,50,9:22:43,255,71550,71799,50,9:22:40,475,71400,71800,5885,9:22:40,1410,71302,71830,1660
443,1397/7/28 9:22:46,49,71575,696,71551,71600,1634,9:22:40,3241,71550,71647,50,9:22:43,255,71550,71799,50,9:22:40,475,71400,71800,5885,9:22:40,1410,71302,71830,1660
444,1397/7/28 9:23:09,49,71575,696,71551,71600,1579,9:22:40,3241,71550,71647,50,9:22:43,255,71550,71799,50,9:22:40,475,71400,71800,5885,9:22:40,1410,71302,71830,1660
445,1397/7/28 9:23:10,49,71575,696,71551,71600,579,9:22:40,3241,71550,71647,50,9:22:43,255,71550,71799,50,9:22:40,475,71400,71800,5885,9:22:40,1410,71302,71830,1660
446,1397/7/28 9:23:12,49,71575,1728,71551,71600,579,9:23:12,2209,71550,71647,50,9:22:43,255,71550,71799,50,9:22:40,475,71400,71800,5885,9:22:40,1410,71302,71830,1660
447,1397/7/28 9:23:18,49,71575,1756,71551,71600,579,9:23:18,2181,71550,71647,50,9:22:43,255,71550,71799,50,9:22:40,475,71400,71800,5885,9:22:40,1410,71302,71830,1660
448,1397/7/28 9:23:20,49,71575,1756,71551,71600,524,9:23:18,2181,71550,71647,50,9:23:20,200,71550,71799,50,9:22:40,475,71400,71800,5885,9:22:40,1410,71302,71830,1660
449,1397/7/28 9:23:21,49,71575,1756,71551,71600,24,9:23:18,2181,71550,71647,50,9:23:20,200,71550,71799,50,9:22:40,475,71400,71800,5885,9:22:40,1410,71302,71830,1660
450,1397/7/28 9:23:22,49,71575,1826,71551,71600,24,9:23:18,2181,71550,71647,50,9:23:20,200,71550,71799,50,9:22:40,475,71400,71800,5885,9:22:40,1410,71302,71830,1660
451,1397/7/28 9:23:23,47,71576,15,71553,71600,24,9:23:23,1826,71551,71647,50,9:23:23,2181,71551,71799,50,9:23:23,200,71500,71800,5885,9:23:23,475,71400,71830,1660
452,1397/7/28 9:23:23,47,71576,15,71553,71600,24,9:23:23,1826,71551,71647,50,9:23:23,2181,71551,71799,50,9:23:23,200,71500,71800,5885,9:23:24,523,71400,71830,1660
453,1397/7/28 9:23:25,47,71576,15,71553,71600,2949,9:23:23,1826,71551,71647,50,9:23:23,2181,71551,71799,50,9:23:23,200,71500,71800,5885,9:23:24,523,71400,71830,1660
454,1397/7/28 9:23:32,47,71576,15,71553,71600,1449,9:23:23,1826,71551,71647,50,9:23:23,2181,71551,71799,50,9:23:23,200,71500,71800,5885,9:23:24,523,71400,71830,1660
455,1397/7/28 9:23:32,47,71576,15,71553,71600,1449,9:23:23,1826,71551,71647,50,9:23:33,2181,71551,71799,1050,9:23:23,200,71500,71800,5885,9:23:24,523,71400,71830,1660
456,1397/7/28 9:23:36,47,71576,85,71553,71600,1449,9:23:36,1756,71551,71647,50,9:23:33,2181,71551,71799,1050,9:23:23,200,71500,71800,5885,9:23:24,523,71400,71830,1660
457,1397/7/28 9:23:43,20,71590,65,71580,71600,1449,9:23:43,1032,71554,71647,50,9:23:43,85,71554,71799,1050,9:23:43,724,71551,71800,5885,9:23:43,2181,71550,71830,1660
458,1397/7/28 9:23:45,20,71590,65,71580,71600,1149,9:23:43,1032,71554,71647,50,9:23:43,85,71554,71799,1050,9:23:43,724,71551,71800,5885,9:23:43,2181,71550,71830,1660
459,1397/7/28 9:23:47,20,71590,65,71580,71600,927,9:23:43,1032,71554,71647,50,9:23:43,85,71554,71799,1050,9:23:43,724,71551,71800,5885,9:23:43,2181,71550,71830,1660
460,1397/7/28 9:23:50,20,71590,65,71580,71600,5927,9:23:43,1032,71554,71647,50,9:23:43,85,71554,71799,1050,9:23:43,724,71551,71800,5885,9:23:43,2181,71550,71830,1660
461,1397/7/28 9:23:50,20,71590,65,71580,71600,5927,9:23:43,1032,71554,71647,50,9:23:43,85,71554,71799,1050,9:23:51,1024,71551,71800,5885,9:23:43,2181,71550,71830,1660
462,1397/7/28 9:23:53,20,71590,65,71580,71600,5857,9:23:43,1032,71554,71647,50,9:23:53,15,71554,71799,1050,9:23:51,1024,71551,71800,5885,9:23:43,2181,71550,71830,1660
463,1397/7/28 9:23:54,20,71590,65,71580,71600,5987,9:23:43,1032,71554,71647,50,9:23:53,15,71554,71799,1050,9:23:51,1024,71551,71800,5885,9:23:43,2181,71550,71830,1660
464,1397/7/28 9:23:57,20,71590,65,71580,71600,5940,9:23:43,1032,71554,71647,50,9:23:53,15,71554,71799,1050,9:23:51,1024,71551,71800,5885,9:23:43,2181,71550,71830,1660
465,1397/7/28 9:23:58,20,71590,65,71580,71600,6240,9:23:43,1032,71554,71647,50,9:23:53,15,71554,71799,1050,9:23:51,1024,71551,71800,5885,9:23:43,2181,71550,71830,1660
466,1397/7/28 9:24:13,20,71590,65,71580,71600,5949,9:23:43,1032,71554,71647,50,9:23:53,15,71554,71799,1050,9:23:51,1024,71551,71800,5885,9:23:43,2181,71550,71830,1660
467,1397/7/28 9:24:14,20,71590,65,71580,71600,5799,9:23:43,1032,71554,71647,50,9:23:53,15,71554,71799,1050,9:23:51,1024,71551,71800,5885,9:23:43,2181,71550,71830,1660
468,1397/7/28 9:24:14,20,71590,65,71580,71600,5799,9:23:43,1032,71554,71647,50,9:23:53,15,71554,71799,1050,9:23:51,1024,71551,71800,5885,9:24:25,1390,71550,71830,1660
469,1397/7/28 9:24:31,20,71590,488,71580,71600,2190,9:23:43,1032,71554,71647,50,9:23:53,15,71554,71799,1050,9:23:51,1024,71551,71800,5885,9:24:25,1390,71550,71830,1660
470,1397/7/28 9:24:33,20,71590,488,71580,71600,2080,9:23:43,1032,71554,71647,50,9:23:53,15,71554,71799,1050,9:23:51,1024,71551,71800,5885,9:24:25,1390,71550,71830,1660
471,1397/7/28 9:24:35,47,71623,3720,71600,71647,50,9:24:35,488,71580,71799,1050,9:24:35,1032,71580,71800,5885,9:24:35,15,71553,71830,1660,9:24:35,1024,71551,71840,16520
472,1397/7/28 9:24:44,199,71699,3720,71600,71799,1050,9:24:44,488,71580,71800,5885,9:24:44,1032,71580,71830,1660,9:24:44,15,71553,71840,16520,9:24:44,1024,71551,71841,1000
473,1397/7/28 9:24:44,199,71699,3720,71600,71799,1050,9:24:44,488,71580,71800,5885,9:24:46,15,71580,71830,1660,9:24:46,1024,71551,71840,16520,9:24:46,1390,71550,71841,1000
474,1397/7/28 9:25:00,199,71699,3860,71600,71799,1050,9:24:44,488,71580,71800,5885,9:24:46,15,71580,71830,1660,9:24:46,1024,71551,71840,16520,9:24:46,1390,71550,71841,1000
475,1397/7/28 9:25:08,199,71699,140,71600,71799,1050,9:24:44,488,71580,71800,5885,9:24:46,15,71580,71830,1660,9:24:46,1024,71551,71840,16520,9:24:46,1390,71550,71841,1000
476,1397/7/28 9:25:13,198,71700,1000,71601,71799,1050,9:25:13,140,71600,71800,5885,9:25:13,488,71600,71830,1660,9:25:13,15,71553,71840,16520,9:25:13,1024,71551,71841,1000
477,1397/7/28 9:25:16,189,71704,300,71610,71799,1050,9:25:16,1000,71601,71800,5885,9:25:16,140,71601,71830,1660,9:25:16,488,71580,71840,16520,9:25:16,15,71553,71841,1000
478,1397/7/28 9:25:16,189,71704,300,71610,71799,1050,9:25:24,1045,71601,71800,5885,9:25:16,140,71601,71830,1660,9:25:16,488,71580,71840,16520,9:25:16,15,71553,71841,1000
479,1397/7/28 9:25:29,189,71704,300,71610,71799,950,9:25:24,1045,71601,71800,5885,9:25:16,140,71601,71830,1660,9:25:16,488,71580,71840,16520,9:25:16,15,71553,71841,1000
480,1397/7/28 9:25:30,190,71705,300,71610,71800,3125,9:25:30,1045,71601,71830,1660,9:25:30,140,71601,71840,16520,9:25:30,488,71580,71841,1000,9:25:30,15,71553,71846,12406
481,1397/7/28 9:25:32,190,71705,300,71610,71800,3425,9:25:30,1045,71601,71830,1660,9:25:30,140,71601,71840,16520,9:25:30,488,71580,71841,1000,9:25:30,15,71553,71846,12406
482,1397/7/28 9:25:37,190,71705,1331,71610,71800,3425,9:25:30,1045,71601,71830,1660,9:25:30,140,71601,71840,16520,9:25:30,488,71580,71841,1000,9:25:30,15,71553,71846,12406
483,1397/7/28 9:25:40,37,71628,1331,71610,71647,270,9:25:40,1045,71601,71800,3425,9:25:40,140,71601,71830,1660,9:25:40,488,71580,71840,16520,9:25:40,15,71553,71841,1000
484,1397/7/28 9:25:53,37,71628,1376,71610,71647,270,9:25:53,1000,71601,71800,3425,9:25:40,140,71601,71830,1660,9:25:40,488,71580,71840,16520,9:25:40,15,71553,71841,1000
485,1397/7/28 9:26:07,190,71705,1376,71610,71800,3695,9:26:07,1000,71601,71830,1660,9:26:07,140,71601,71840,16520,9:26:07,488,71580,71841,1000,9:26:07,15,71553,71846,12406
486,1397/7/28 9:26:08,190,71705,1376,71610,71800,3895,9:26:07,1000,71601,71830,1660,9:26:07,140,71601,71840,16520,9:26:07,488,71580,71841,1000,9:26:07,15,71553,71846,12406
487,1397/7/28 9:26:12,190,71705,1676,71610,71800,3895,9:26:07,1000,71601,71830,1660,9:26:12,340,71601,71840,16520,9:26:07,488,71580,71841,1000,9:26:07,15,71553,71846,12406
488,1397/7/28 9:26:13,153,71723,27,71647,71800,3895,9:26:13,1676,71610,71830,1660,9:26:13,1000,71610,71840,16520,9:26:13,340,71600,71841,1000,9:26:13,488,71580,71846,12406
489,1397/7/28 9:26:18,153,71723,327,71647,71800,3835,9:26:13,1676,71610,71830,1660,9:26:13,1000,71610,71840,16520,9:26:13,340,71600,71841,1000,9:26:13,488,71580,71846,12406
490,1397/7/28 9:26:21,153,71723,397,71647,71800,3835,9:26:21,1746,71610,71830,1660,9:26:13,1000,71610,71840,16520,9:26:13,340,71600,71841,1000,9:26:13,488,71580,71846,12406
491,1397/7/28 9:26:23,153,71723,697,71647,71800,3835,9:26:21,1746,71610,71830,1660,9:26:13,1000,71610,71840,16520,9:26:23,540,71600,71841,1000,9:26:13,488,71580,71846,12406
492,1397/7/28 9:26:23,153,71723,697,71647,71800,3835,9:26:21,1746,71610,71830,1660,9:26:13,1000,71610,71840,16520,9:26:27,840,71600,71841,1000,9:26:13,488,71580,71846,12406
493,1397/7/28 9:26:36,100,71750,3000,71700,71800,3835,9:26:36,997,71647,71830,1660,9:26:36,1746,71647,71840,16520,9:26:36,1000,71601,71841,1000,9:26:36,840,71600,71846,12406
494,1397/7/28 9:26:36,100,71750,3000,71700,71800,3835,9:26:37,927,71647,71830,1660,9:26:36,1746,71647,71840,16520,9:26:36,1000,71601,71841,1000,9:26:36,840,71600,71846,12406
495,1397/7/28 9:26:43,100,71750,3300,71700,71800,3835,9:26:37,927,71647,71830,1660,9:26:36,1746,71647,71840,16520,9:26:36,1000,71601,71841,1000,9:26:36,840,71600,71846,12406
496,1397/7/28 9:26:48,100,71750,3300,71700,71800,4035,9:26:37,927,71647,71830,1660,9:26:36,1746,71647,71840,16520,9:26:36,1000,71601,71841,1000,9:26:36,840,71600,71846,12406
497,1397/7/28 9:26:51,100,71750,3300,71700,71800,3735,9:26:37,927,71647,71830,1660,9:26:36,1746,71647,71840,16520,9:26:36,1000,71601,71841,1000,9:26:36,840,71600,71846,12406
498,1397/7/28 9:26:52,100,71750,3300,71700,71800,3435,9:26:37,927,71647,71830,1660,9:26:36,1746,71647,71840,16520,9:26:36,1000,71601,71841,1000,9:26:36,840,71600,71846,12406
499,1397/7/28 9:26:54,100,71750,3300,71700,71800,6635,9:26:37,927,71647,71830,1660,9:26:36,1746,71647,71840,16520,9:26:36,1000,71601,71841,1000,9:26:36,840,71600,71846,12406
500,1397/7/28 9:26:57,100,71750,3300,71700,71800,7073,9:26:37,927,71647,71830,1660,9:26:36,1746,71647,71840,16520,9:26:36,1000,71601,71841,1000,9:26:36,840,71600,71846,12406
501,1397/7/28 9:26:58,99,71750,300,71701,71800,7073,9:26:58,3300,71700,71830,1660,9:26:58,927,71700,71840,16520,9:26:58,1446,71610,71841,1000,9:26:58,1000,71601,71846,12406
502,1397/7/28 9:26:59,100,71750,3100,71700,71800,7023,9:26:59,927,71647,71830,1660,9:26:59,1446,71647,71840,16520,9:26:59,1000,71601,71841,1000,9:26:59,840,71600,71846,12406
503,1397/7/28 9:27:02,99,71750,300,71701,71800,6923,9:27:02,3100,71700,71830,1660,9:27:02,927,71700,71840,16520,9:27:02,1446,71610,71841,1000,9:27:02,1000,71601,71846,12406
504,1397/7/28 9:27:10,99,71750,300,71701,71800,6896,9:27:02,3100,71700,71830,1660,9:27:02,927,71700,71840,16520,9:27:02,1446,71610,71841,1000,9:27:02,1000,71601,71846,12406
505,1397/7/28 9:27:12,99,71750,300,71701,71800,6696,9:27:02,3100,71700,71830,1660,9:27:12,900,71700,71840,16520,9:27:02,1446,71610,71841,1000,9:27:02,1000,71601,71846,12406
506,1397/7/28 9:27:12,99,71750,300,71701,71800,6696,9:27:02,3100,71700,71830,1660,9:27:12,900,71700,71840,16520,9:27:17,1460,71610,71841,1000,9:27:02,1000,71601,71846,12406
507,1397/7/28 9:27:19,99,71750,300,71701,71800,6546,9:27:02,3100,71700,71830,1660,9:27:12,900,71700,71840,16520,9:27:17,1460,71610,71841,1000,9:27:02,1000,71601,71846,12406
508,1397/7/28 9:27:21,99,71750,300,71701,71800,6626,9:27:02,3100,71700,71830,1660,9:27:12,900,71700,71840,16520,9:27:17,1460,71610,71841,1000,9:27:02,1000,71601,71846,12406
509,1397/7/28 9:27:21,99,71750,300,71701,71800,6626,9:27:02,3100,71700,71830,1660,9:27:12,900,71700,71840,16520,9:27:23,1446,71610,71841,1000,9:27:02,1000,71601,71846,12406
510,1397/7/28 9:27:21,99,71750,300,71701,71800,6626,9:27:02,3100,71700,71830,1660,9:27:12,900,71700,71840,16520,9:27:23,1446,71610,71841,1000,9:27:24,500,71601,71846,12406
511,1397/7/28 9:27:25,99,71750,300,71701,71800,6556,9:27:02,3100,71700,71830,1660,9:27:12,900,71700,71840,16520,9:27:23,1446,71610,71841,1000,9:27:24,500,71601,71846,12406
512,1397/7/28 9:27:25,99,71750,300,71701,71800,6556,9:27:29,3145,71700,71830,1660,9:27:12,900,71700,71840,16520,9:27:29,1401,71610,71841,1000,9:27:24,500,71601,71846,12406
513,1397/7/28 9:27:31,99,71750,300,71701,71800,5556,9:27:29,3145,71700,71830,1660,9:27:12,900,71700,71840,16520,9:27:29,1401,71610,71841,1000,9:27:24,500,71601,71846,12406
514,1397/7/28 9:27:31,99,71750,300,71701,71800,5556,9:27:29,3145,71700,71830,1660,9:27:12,900,71700,71840,16520,9:27:32,370,71610,71841,1000,9:27:24,500,71601,71846,12406
515,1397/7/28 9:27:36,99,71750,300,71701,71800,5540,9:27:29,3145,71700,71830,1660,9:27:12,900,71700,71840,16520,9:27:36,387,71610,71841,1000,9:27:24,500,71601,71846,12406
516,1397/7/28 9:27:36,99,71750,300,71701,71800,5540,9:27:29,3145,71700,71830,1660,9:27:12,900,71700,71840,16520,9:27:36,387,71610,71841,1000,9:27:38,500,71601,71846,12926
517,1397/7/28 9:27:39,99,71750,300,71701,71800,5513,9:27:29,3145,71700,71830,1660,9:27:12,900,71700,71840,16520,9:27:36,387,71610,71841,1000,9:27:38,500,71601,71846,12926
518,1397/7/28 9:27:45,99,71750,600,71701,71800,5513,9:27:29,3145,71700,71830,1660,9:27:12,900,71700,71840,16520,9:27:36,387,71610,71841,1000,9:27:38,500,71601,71846,12926
519,1397/7/28 9:27:46,99,71750,1015,71701,71800,5513,9:27:29,3145,71700,71830,1660,9:27:12,900,71700,71840,16520,9:27:36,387,71610,71841,1000,9:27:38,500,71601,71846,12926
520,1397/7/28 9:27:47,98,71751,2800,71702,71800,5513,9:27:47,1015,71701,71830,1660,9:27:47,345,71701,71840,16520,9:27:47,900,71647,71841,1000,9:27:47,387,71610,71846,12926
521,1397/7/28 9:27:52,98,71751,2800,71702,71800,5213,9:27:47,1015,71701,71830,1660,9:27:47,345,71701,71840,16520,9:27:47,900,71647,71841,1000,9:27:47,387,71610,71846,12926
522,1397/7/28 9:27:53,98,71751,2869,71702,71800,5213,9:27:47,1015,71701,71830,1660,9:27:47,345,71701,71840,16520,9:27:47,900,71647,71841,1000,9:27:47,387,71610,71846,12926
523,1397/7/28 9:27:56,98,71751,2869,71702,71800,4913,9:27:47,1015,71701,71830,1660,9:27:47,345,71701,71840,16520,9:27:47,900,71647,71841,1000,9:27:47,387,71610,71846,12926
524,1397/7/28 9:27:56,98,71751,2869,71702,71800,4913,9:27:47,1015,71701,71830,1660,9:27:47,345,71701,71840,16520,9:27:47,900,71647,71841,1000,9:27:58,2200,71611,71846,12926
525,1397/7/28 9:28:02,97,71751,45,71703,71800,4913,9:28:02,2869,71702,71830,1660,9:28:02,1015,71702,71840,16520,9:28:02,300,71700,71841,1000,9:28:02,900,71647,71846,12926
526,1397/7/28 9:28:04,97,71751,45,71703,71800,4843,9:28:02,2869,71702,71830,1660,9:28:02,1015,71702,71840,16520,9:28:02,300,71700,71841,1000,9:28:02,900,71647,71846,12926
527,1397/7/28 9:28:06,95,71752,696,71705,71800,4843,9:28:06,45,71703,71830,1660,9:28:06,2869,71703,71840,16520,9:28:06,1015,71701,71841,1000,9:28:06,300,71700,71846,12926
528,1397/7/28 9:28:16,95,71752,1726,71705,71800,4843,9:28:06,45,71703,71830,1660,9:28:06,2869,71703,71840,16520,9:28:06,1015,71701,71841,1000,9:28:06,300,71700,71846,12926
529,1397/7/28 9:28:18,94,71753,45,71706,71800,4843,9:28:18,1726,71705,71830,1660,9:28:06,2869,71705,71840,16520,9:28:06,1015,71701,71841,1000,9:28:06,300,71700,71846,12926
530,1397/7/28 9:28:23,94,71753,45,71706,71800,4743,9:28:18,1726,71705,71830,1660,9:28:06,2869,71705,71840,16520,9:28:06,1015,71701,71841,1000,9:28:06,300,71700,71846,12926
531,1397/7/28 9:28:26,94,71753,45,71706,71800,4728,9:28:26,1926,71705,71830,1660,9:28:06,2869,71705,71840,16520,9:28:06,1015,71701,71841,1000,9:28:06,300,71700,71846,12926
532,1397/7/28 9:28:27,94,71753,45,71706,71800,3348,9:28:26,1926,71705,71830,1660,9:28:06,2869,71705,71840,16520,9:28:06,1015,71701,71841,1000,9:28:06,300,71700,71846,12926
533,1397/7/28 9:28:29,94,71753,45,71706,71800,2933,9:28:26,1926,71705,71830,1660,9:28:06,2869,71705,71840,16520,9:28:29,600,71701,71841,1000,9:28:06,300,71700,71846,12926
534,1397/7/28 9:28:29,94,71753,45,71706,71800,2933,9:28:26,1926,71705,71830,1660,9:28:30,2800,71705,71840,16520,9:28:29,600,71701,71841,1000,9:28:06,300,71700,71846,12926
535,1397/7/28 9:28:32,92,71754,696,71708,71800,2933,9:28:32,45,71706,71830,1660,9:28:32,1230,71706,71840,16520,9:28:32,2800,71702,71841,1000,9:28:32,600,71701,71846,12926
536,1397/7/28 9:28:32,92,71754,696,71708,71800,2933,9:28:33,1075,71706,71830,1660,9:28:33,200,71706,71840,16520,9:28:32,2800,71702,71841,1000,9:28:32,600,71701,71846,12926
537,1397/7/28 9:28:35,92,71754,696,71708,71800,933,9:28:33,1075,71706,71830,1660,9:28:33,200,71706,71840,16520,9:28:32,2800,71702,71841,1000,9:28:32,600,71701,71846,12926
538,1397/7/28 9:28:50,94,71753,1075,71706,71800,3237,9:28:50,200,71705,71830,1660,9:28:50,2800,71705,71840,16520,9:28:50,600,71701,71841,1000,9:28:50,300,71700,71846,12926
539,1397/7/28 9:28:51,94,71753,1075,71706,71800,2737,9:28:50,200,71705,71830,1660,9:28:50,2800,71705,71840,16520,9:28:50,600,71701,71841,1000,9:28:50,300,71700,71846,12926
540,1397/7/28 9:28:51,94,71753,1075,71706,71800,2737,9:28:50,200,71705,71830,1660,9:28:53,2800,71705,71840,16620,9:28:50,600,71701,71841,1000,9:28:50,300,71700,71846,12926
541,1397/7/28 9:28:51,94,71753,1075,71706,71800,2737,9:28:54,200,71705,71829,5000,9:28:54,2800,71705,71830,1660,9:28:54,600,71701,71840,16620,9:28:54,300,71700,71841,1000
542,1397/7/28 9:28:56,94,71753,1075,71706,71800,2437,9:28:54,200,71705,71829,5000,9:28:54,2800,71705,71830,1660,9:28:54,600,71701,71840,16620,9:28:54,300,71700,71841,1000
543,1397/7/28 9:28:58,94,71753,1075,71706,71800,2137,9:28:54,200,71705,71829,5000,9:28:54,2800,71705,71830,1660,9:28:54,600,71701,71840,16620,9:28:54,300,71700,71841,1000
544,1397/7/28 9:29:04,90,71755,45,71710,71800,2137,9:29:04,1030,71706,71829,5000,9:29:04,200,71706,71830,1660,9:29:04,2800,71702,71840,16620,9:29:04,600,71701,71841,1000
545,1397/7/28 9:29:07,90,71755,45,71710,71800,1168,9:29:04,1030,71706,71829,5000,9:29:04,200,71706,71830,1660,9:29:04,2800,71702,71840,16620,9:29:04,600,71701,71841,1000
546,1397/7/28 9:29:10,90,71755,345,71710,71800,1168,9:29:04,1030,71706,71829,5000,9:29:04,200,71706,71830,1660,9:29:04,2800,71702,71840,16620,9:29:04,600,71701,71841,1000
547,1397/7/28 9:29:13,90,71755,345,71710,71800,868,9:29:04,1030,71706,71829,5000,9:29:04,200,71706,71830,1660,9:29:04,2800,71702,71840,16620,9:29:04,600,71701,71841,1000
548,1397/7/28 9:29:15,119,71769,345,71710,71829,4348,9:29:15,1030,71706,71830,1660,9:29:15,200,71706,71840,16620,9:29:15,2800,71702,71841,1000,9:29:15,600,71701,71846,7926
549,1397/7/28 9:29:16,29,71814,300,71800,71829,4348,9:29:16,345,71710,71830,1660,9:29:16,1030,71710,71840,16620,9:29:16,200,71705,71841,1000,9:29:16,2800,71702,71846,7926
550,1397/7/28 9:29:16,29,71814,300,71800,71829,4348,9:29:17,414,71710,71830,1660,9:29:16,1030,71710,71840,16620,9:29:16,200,71705,71841,1000,9:29:16,2800,71702,71846,7926
551,1397/7/28 9:29:22,29,71814,3300,71800,71829,4348,9:29:17,414,71710,71830,1660,9:29:16,1030,71710,71840,16620,9:29:16,200,71705,71841,1000,9:29:16,2800,71702,71846,7926
552,1397/7/28 9:29:25,29,71814,3300,71800,71829,4048,9:29:17,414,71710,71830,1660,9:29:16,1030,71710,71840,16620,9:29:16,200,71705,71841,1000,9:29:16,2800,71702,71846,7926
553,1397/7/28 9:29:26,29,71814,3300,71800,71829,3748,9:29:17,414,71710,71830,1660,9:29:16,1030,71710,71840,16620,9:29:16,200,71705,71841,1000,9:29:16,2800,71702,71846,7926
554,1397/7/28 9:29:29,29,71814,3300,71800,71829,3448,9:29:17,414,71710,71830,1660,9:29:16,1030,71710,71840,16620,9:29:16,200,71705,71841,1000,9:29:16,2800,71702,71846,7926
555,1397/7/28 9:29:30,29,71814,3300,71800,71829,3148,9:29:17,414,71710,71830,1660,9:29:16,1030,71710,71840,16620,9:29:16,200,71705,71841,1000,9:29:16,2800,71702,71846,7926
556,1397/7/28 9:29:31,29,71814,3300,71800,71829,2848,9:29:17,414,71710,71830,1660,9:29:16,1030,71710,71840,16620,9:29:16,200,71705,71841,1000,9:29:16,2800,71702,71846,7926
557,1397/7/28 9:29:33,29,71814,3300,71800,71829,2591,9:29:17,414,71710,71830,1660,9:29:16,1030,71710,71840,16620,9:29:16,200,71705,71841,1000,9:29:16,2800,71702,71846,7926
558,1397/7/28 9:29:35,29,71814,3345,71800,71829,2591,9:29:35,369,71710,71830,1660,9:29:16,1030,71710,71840,16620,9:29:16,200,71705,71841,1000,9:29:16,2800,71702,71846,7926
559,1397/7/28 9:29:36,29,71814,3345,71800,71829,861,9:29:35,369,71710,71830,1660,9:29:16,1030,71710,71840,16620,9:29:16,200,71705,71841,1000,9:29:16,2800,71702,71846,7926
560,1397/7/28 9:29:36,29,71814,3345,71800,71829,861,9:29:40,60,71750,71830,1660,9:29:40,369,71750,71840,16620,9:29:40,1030,71706,71841,1000,9:29:40,200,71705,71846,7926
561,1397/7/28 9:29:42,29,71814,3645,71800,71829,861,9:29:40,60,71750,71830,1660,9:29:40,369,71750,71840,16620,9:29:40,1030,71706,71841,1000,9:29:40,200,71705,71846,7926
562,1397/7/28 9:29:45,29,71814,3645,71800,71829,711,9:29:40,60,71750,71830,1660,9:29:40,369,71750,71840,16620,9:29:40,1030,71706,71841,1000,9:29:40,200,71705,71846,7926
563,1397/7/28 9:29:45,29,71814,3645,71800,71829,711,9:29:40,60,71750,71830,1660,9:29:40,369,71750,71840,16620,9:29:46,200,71705,71841,1000,9:29:46,2800,71702,71846,7926
564,1397/7/28 9:29:47,29,71814,3645,71800,71829,611,9:29:40,60,71750,71830,1660,9:29:40,369,71750,71840,16620,9:29:46,200,71705,71841,1000,9:29:46,2800,71702,71846,7926
565,1397/7/28 9:29:48,29,71814,3745,71800,71829,611,9:29:40,60,71750,71830,1660,9:29:40,369,71750,71840,16620,9:29:46,200,71705,71841,1000,9:29:46,2800,71702,71846,7926
566,1397/7/28 9:29:53,30,71815,3745,71800,71830,1271,9:29:53,60,71750,71840,16620,9:29:53,369,71750,71841,1000,9:29:53,200,71705,71846,7926,9:29:53,2800,71702,71847,94240
567,1397/7/28 9:29:54,30,71815,3745,71800,71830,271,9:29:53,60,71750,71840,16620,9:29:53,369,71750,71841,1000,9:29:53,200,71705,71846,7926,9:29:53,2800,71702,71847,94240
568,1397/7/28 9:29:55,30,71815,3747,71800,71830,271,9:29:53,60,71750,71840,16620,9:29:53,369,71750,71841,1000,9:29:53,200,71705,71846,7926,9:29:53,2800,71702,71847,94240
569,1397/7/28 9:30:03,30,71815,4047,71800,71830,271,9:29:53,60,71750,71840,16620,9:30:03,69,71750,71841,1000,9:29:53,200,71705,71846,7926,9:29:53,2800,71702,71847,94240
570,1397/7/28 9:30:05,30,71815,4047,71800,71830,5271,9:29:53,60,71750,71840,16620,9:30:03,69,71750,71841,1000,9:29:53,200,71705,71846,7926,9:29:53,2800,71702,71847,94240
571,1397/7/28 9:30:07,30,71815,4047,71800,71830,4971,9:29:53,60,71750,71840,16620,9:30:03,69,71750,71841,1000,9:29:53,200,71705,71846,7926,9:29:53,2800,71702,71847,94240
572,1397/7/28 9:30:08,30,71815,4470,71800,71830,4971,9:29:53,60,71750,71840,16620,9:30:03,69,71750,71841,1000,9:29:53,200,71705,71846,7926,9:29:53,2800,71702,71847,94240
573,1397/7/28 9:30:08,30,71815,4470,71800,71830,4971,9:29:53,60,71750,71840,16620,9:30:03,69,71750,71841,1000,9:30:09,189,71706,71846,7926,9:30:09,200,71705,71847,94240
574,1397/7/28 9:30:12,30,71815,4425,71800,71830,4571,9:29:53,60,71750,71840,16620,9:30:03,69,71750,71841,1000,9:30:09,189,71706,71846,7926,9:30:09,200,71705,71847,94240
575,1397/7/28 9:30:14,30,71815,4325,71800,71830,4571,9:29:53,60,71750,71840,16620,9:30:03,69,71750,71841,1000,9:30:09,189,71706,71846,7926,9:30:14,300,71705,71847,94240
576,1397/7/28 9:30:14,30,71815,4325,71800,71830,4571,9:29:53,60,71750,71840,16620,9:30:03,69,71750,71841,1000,9:30:17,189,71706,71846,8126,9:30:14,300,71705,71847,94240
577,1397/7/28 9:30:14,30,71815,4325,71800,71830,4571,9:29:53,60,71750,71840,16620,9:30:03,69,71750,71841,1000,9:30:23,189,71706,71846,8141,9:30:14,300,71705,71847,94240
578,1397/7/28 9:30:24,30,71815,4325,71800,71830,4557,9:29:53,60,71750,71840,16620,9:30:03,69,71750,71841,1000,9:30:23,189,71706,71846,8141,9:30:14,300,71705,71847,94240
579,1397/7/28 9:30:37,29,71815,2800,71801,71830,4657,9:30:37,1325,71800,71840,16620,9:30:37,475,71800,71841,1000,9:30:37,69,71710,71846,8141,9:30:37,189,71706,71847,94240
580,1397/7/28 9:30:37,29,71815,2800,71801,71830,4657,9:30:41,1463,71800,71840,16620,9:30:37,475,71800,71841,1000,9:30:37,69,71710,71846,8141,9:30:37,189,71706,71847,94240
581,1397/7/28 9:30:37,29,71815,2800,71801,71830,4657,9:30:45,2491,71800,71840,16620,9:30:37,475,71800,71841,1000,9:30:37,69,71710,71846,8141,9:30:37,189,71706,71847,94240
582,1397/7/28 9:30:37,29,71815,2800,71801,71830,4657,9:30:51,2506,71800,71840,16620,9:30:37,475,71800,71841,1000,9:30:37,69,71710,71846,8141,9:30:37,189,71706,71847,94240
583,1397/7/28 9:30:37,29,71815,2800,71801,71830,4657,9:30:51,2506,71800,71840,16620,9:30:37,475,71800,71841,1000,9:30:37,69,71710,71846,8141,9:30:55,189,71706,71847,94640
584,1397/7/28 9:31:03,27,71815,47,71802,71829,105,9:31:03,2800,71801,71830,4657,9:31:03,2459,71801,71840,16620,9:31:03,475,71750,71841,1000,9:31:03,69,71710,71846,8141
585,1397/7/28 9:31:03,27,71815,47,71802,71829,105,9:31:03,2800,71801,71830,4657,9:31:09,2474,71801,71840,16620,9:31:03,475,71750,71841,1000,9:31:03,69,71710,71846,8141
586,1397/7/28 9:31:19,27,71815,47,71802,71829,112,9:31:03,2800,71801,71830,4657,9:31:09,2474,71801,71840,16620,9:31:03,475,71750,71841,1000,9:31:03,69,71710,71846,8141
587,1397/7/28 9:31:20,26,71816,60,71803,71829,112,9:31:20,47,71802,71830,4657,9:31:20,2800,71802,71840,16620,9:31:20,2474,71800,71841,1000,9:31:20,475,71750,71846,8141
