,time1,Spread,Mid-price,volume_buy1,price_buy1,price_sell1,volume_sell1,time2,volume_buy2,price_buy2,price_sell2,volume_sell2,time3,volume_buy3,price_buy3,price_sell3,volume_sell3,time4,volume_buy4,price_buy4,price_sell4,volume_sell4,time5,volume_buy5,price_buy5,price_sell5,volume_sell5
0,1397/7/22 6:01:25,3200,61800,250,60200,63400,500,6:01:25,7000,59500,63494,20,6:01:25,1200,59500,63500,1000,6:01:25,337,59177,64000,127,6:01:25,850,59068,64500,1648
1,1397/7/22 8:30:07,1860,62470,100,61540,63400,500,8:30:07,250,60200,63494,20,8:30:07,7000,60200,63500,1000,8:30:07,1200,59178,64000,127,8:30:07,337,59177,64500,1648
2,1397/7/22 8:30:10,0,58461,9757,58461,58461,11000,8:30:10,52,58225,63400,500,8:30:10,21,58225,63494,20,8:30:10,5,55220,63500,1000,8:30:10,36,54847,64000,127
3,1397/7/22 8:30:13,0,58461,9757,58461,58461,11523,8:30:10,52,58225,63400,500,8:30:10,21,58225,63494,20,8:30:10,5,55220,63500,1000,8:30:10,36,54847,64000,127
4,1397/7/22 8:30:21,0,58461,15757,58461,58461,11523,8:30:10,52,58225,63400,500,8:30:10,21,58225,63494,20,8:30:10,5,55220,63500,1000,8:30:10,36,54847,64000,127
5,1397/7/22 8:30:24,0,59068,11737,59068,59068,11523,8:30:24,20,58944,63400,500,8:30:24,6000,58944,63494,20,8:30:24,52,58225,63500,1000,8:30:24,21,56565,64000,127
6,1397/7/22 8:30:24,0,59068,11737,59068,59068,11523,8:30:24,20,58944,63400,500,8:30:26,1021,58944,63494,20,8:30:26,6000,58461,63500,1000,8:30:26,52,58225,64000,127
7,1397/7/22 8:30:24,0,59068,11737,59068,59068,11523,8:30:40,20,58944,63400,2500,8:30:26,1021,58944,63494,20,8:30:26,6000,58461,63500,1000,8:30:26,52,58225,64000,127
8,1397/7/22 8:30:24,0,59068,11737,59068,59068,11523,8:30:40,20,58944,63400,2500,8:30:26,1021,58944,63494,20,8:31:01,42,58462,63500,1000,8:31:01,6000,58461,64000,127
9,1397/7/22 8:31:04,0,59068,11737,59068,59068,11541,8:30:40,20,58944,63400,2500,8:30:26,1021,58944,63494,20,8:31:01,42,58462,63500,1000,8:31:01,6000,58461,64000,127
10,1397/7/22 8:31:17,0,59178,12050,59178,59178,11541,8:31:17,337,59177,63400,2500,8:31:17,850,59177,63494,20,8:31:17,20,58944,63500,1000,8:31:17,1021,58500,64000,127
11,1397/7/22 8:31:17,0,59178,12050,59178,59178,11541,8:31:17,337,59177,63400,2500,8:31:17,850,59177,63494,20,8:31:17,20,58944,63500,1000,8:31:26,1021,58500,64000,627
12,1397/7/22 8:31:17,0,59178,12050,59178,59178,11541,8:31:40,337,59177,62300,450,8:31:40,850,59177,63400,2500,8:31:40,20,58944,63494,20,8:31:40,1021,58500,63500,1000
13,1397/7/22 8:31:41,0,59178,12250,59178,59178,11541,8:31:40,337,59177,62300,450,8:31:40,850,59177,63400,2500,8:31:40,20,58944,63494,20,8:31:40,1021,58500,63500,1000
14,1397/7/22 8:31:41,0,59178,12250,59178,59178,11541,8:31:40,337,59177,62300,450,8:31:43,850,59177,62370,200,8:31:43,20,58944,63400,2500,8:31:43,1021,58500,63494,20
15,1397/7/22 8:31:45,0,58500,12478,58500,58500,11523,8:31:45,42,58462,59178,18,8:31:45,6000,58462,62300,450,8:31:45,52,58225,62370,200,8:31:45,21,56565,63400,2500
16,1397/7/22 8:31:45,0,58500,12478,58500,58500,11523,8:31:45,42,58462,59178,18,8:32:02,6300,58462,62300,450,8:31:45,52,58225,62370,200,8:31:45,21,56565,63400,2500
17,1397/7/22 8:32:03,0,58500,12478,58500,58500,12123,8:31:45,42,58462,59178,18,8:32:02,6300,58462,62300,450,8:31:45,52,58225,62370,200,8:31:45,21,56565,63400,2500
18,1397/7/22 8:32:08,0,58500,12643,58500,58500,12123,8:31:45,42,58462,59178,18,8:32:02,6300,58462,62300,450,8:31:45,52,58225,62370,200,8:31:45,21,56565,63400,2500
19,1397/7/22 8:32:17,0,58500,13643,58500,58500,12123,8:31:45,42,58462,59178,18,8:32:02,6300,58462,62300,450,8:31:45,52,58225,62370,200,8:31:45,21,56565,63400,2500
20,1397/7/22 8:32:23,0,58500,13643,58500,58500,12141,8:32:23,42,58462,62300,450,8:32:23,6300,58462,62370,200,8:32:23,52,58225,63400,2500,8:32:23,21,56565,63494,20
21,1397/7/22 8:32:23,0,58500,13643,58500,58500,12141,8:32:28,42,58462,59178,300,8:32:28,6300,58462,62300,450,8:32:28,52,58225,62370,200,8:32:28,21,56565,63400,2500
22,1397/7/22 8:32:35,0,58500,14043,58500,58500,12141,8:32:28,42,58462,59178,300,8:32:28,6300,58462,62300,450,8:32:28,52,58225,62370,200,8:32:28,21,56565,63400,2500
23,1397/7/22 8:32:41,0,59000,16437,59000,59000,12141,8:32:41,20,58944,59178,300,8:32:41,2586,58944,62300,450,8:32:41,42,58462,62370,200,8:32:41,6300,58461,63400,2500
24,1397/7/22 8:33:06,0,59000,16637,59000,59000,12141,8:32:41,20,58944,59178,300,8:32:41,2586,58944,62300,450,8:32:41,42,58462,62370,200,8:32:41,6300,58461,63400,2500
25,1397/7/22 8:33:11,0,59000,18637,59000,59000,12141,8:32:41,20,58944,59178,300,8:32:41,2586,58944,62300,450,8:32:41,42,58462,62370,200,8:32:41,6300,58461,63400,2500
26,1397/7/22 8:33:11,0,59000,18637,59000,59000,12141,8:32:41,20,58944,59178,300,8:32:41,2586,58944,62300,450,8:32:41,42,58462,62370,200,8:33:28,6300,58461,63000,4000
27,1397/7/22 8:33:11,0,59000,18637,59000,59000,12141,8:32:41,20,58944,59178,300,8:32:41,2586,58944,62300,450,8:32:41,42,58462,62370,200,8:33:43,6400,58461,63000,4000
28,1397/7/22 8:33:47,0,59000,28637,59000,59000,12141,8:32:41,20,58944,59178,300,8:32:41,2586,58944,62300,450,8:32:41,42,58462,62370,200,8:33:43,6400,58461,63000,4000
29,1397/7/22 8:33:47,0,59000,28637,59000,59000,12141,8:32:41,20,58944,59178,300,8:32:41,2586,58944,62300,450,8:32:41,42,58462,62370,200,8:33:55,6600,58461,63000,4000
30,1397/7/22 8:33:47,0,59000,28637,59000,59000,12141,8:32:41,20,58944,59178,300,8:32:41,2586,58944,62300,450,8:32:41,42,58462,62370,200,8:33:59,7600,58461,63000,4000
31,1397/7/22 8:34:01,0,59000,28637,59000,59000,12211,8:32:41,20,58944,59178,300,8:32:41,2586,58944,62300,450,8:32:41,42,58462,62370,200,8:33:59,7600,58461,63000,4000
32,1397/7/22 8:34:01,0,59000,28637,59000,59000,12211,8:32:41,20,58944,59178,300,8:34:25,2586,58944,62300,609,8:32:41,42,58462,62370,200,8:33:59,7600,58461,63000,4000
33,1397/7/22 8:34:33,0,59100,16787,59100,59100,12211,8:34:33,850,59068,59178,300,8:34:33,17000,59068,62300,609,8:34:33,20,58944,62370,200,8:34:33,2586,58500,63000,4000
34,1397/7/22 8:34:36,0,59100,16387,59100,59100,12211,8:34:33,850,59068,59178,300,8:34:36,17400,59068,62300,609,8:34:33,20,58944,62370,200,8:34:33,2586,58500,63000,4000
35,1397/7/22 8:34:36,0,59100,16387,59100,59100,12211,8:34:33,850,59068,59178,300,8:34:36,17400,59068,62300,609,8:34:33,20,58944,62370,200,8:34:43,2586,58500,63000,4251
36,1397/7/22 8:35:04,0,59100,16687,59100,59100,12211,8:34:33,850,59068,59178,300,8:34:36,17400,59068,62300,609,8:34:33,20,58944,62370,200,8:34:43,2586,58500,63000,4251
37,1397/7/22 8:35:07,0,59100,17087,59100,59100,12211,8:34:33,850,59068,59178,300,8:35:07,17000,59068,62300,609,8:34:33,20,58944,62370,200,8:34:43,2586,58500,63000,4251
38,1397/7/22 8:35:07,0,59100,17087,59100,59100,12211,8:34:33,850,59068,59178,300,8:35:07,17000,59068,62300,609,8:34:33,20,58944,62370,200,8:35:40,2886,58500,63000,4251
39,1397/7/22 8:35:07,0,59100,17087,59100,59100,12211,8:34:33,850,59068,59178,300,8:35:07,17000,59068,62300,609,8:34:33,20,58944,62370,200,8:35:46,2886,58500,63000,4301
40,1397/7/22 8:36:25,0,59178,12350,59178,59178,12511,8:36:25,337,59177,62300,609,8:36:25,6400,59177,62350,1500,8:36:25,850,59068,62370,200,8:36:25,17000,59000,63000,4301
41,1397/7/22 8:36:38,0,59178,12350,59178,59178,12493,8:36:25,337,59177,62300,609,8:36:25,6400,59177,62350,1500,8:36:25,850,59068,62370,200,8:36:25,17000,59000,63000,4301
42,1397/7/22 8:36:38,0,59178,12350,59178,59178,12493,8:36:25,337,59177,62300,609,8:36:25,6400,59177,62350,1500,8:36:25,850,59068,62370,200,8:36:39,17000,59000,63000,8301
43,1397/7/22 8:36:59,0,59178,12750,59178,59178,12493,8:36:25,337,59177,62300,609,8:36:59,6000,59177,62370,200,8:36:59,850,59068,62490,1500,8:36:39,17000,59000,63000,8301
44,1397/7/22 8:37:20,0,59178,12750,59178,59178,12193,8:36:25,337,59177,62300,609,8:36:59,6000,59177,62370,200,8:36:59,850,59068,62490,1500,8:36:39,17000,59000,63000,8301
45,1397/7/22 8:37:20,0,59178,12750,59178,59178,12193,8:36:25,337,59177,62300,609,8:36:59,6000,59177,62370,200,8:36:59,850,59068,62490,1500,8:37:22,17000,59000,62845,30
46,1397/7/22 8:37:20,0,59178,12750,59178,59178,12193,8:36:25,337,59177,62300,609,8:36:59,6000,59177,62370,200,8:36:59,850,59068,62490,1500,8:37:41,15000,59000,62845,30
47,1397/7/22 8:38:24,0,59178,12750,59178,59178,13233,8:36:25,337,59177,62300,609,8:36:59,6000,59177,62370,200,8:36:59,850,59068,62490,1500,8:37:41,15000,59000,62845,30
48,1397/7/22 8:38:24,0,59178,12750,59178,59178,13233,8:36:25,337,59177,62300,609,8:36:59,6000,59177,62370,200,8:36:59,850,59068,62490,1500,8:38:39,16687,59000,62845,30
49,1397/7/22 8:38:24,0,59178,12750,59178,59178,13233,8:38:44,457,59177,62300,609,8:36:59,6000,59177,62370,200,8:36:59,850,59068,62490,1500,8:38:39,16687,59000,62845,30
50,1397/7/22 8:39:38,0,59178,12768,59178,59178,13233,8:38:44,457,59177,62300,609,8:36:59,6000,59177,62370,200,8:36:59,850,59068,62490,1500,8:38:39,16687,59000,62845,30
51,1397/7/22 8:40:48,0,59178,12750,59178,59178,13233,8:38:44,457,59177,62300,609,8:36:59,6000,59177,62370,200,8:36:59,850,59068,62490,1500,8:38:39,16687,59000,62845,30
52,1397/7/22 8:40:51,0,59178,13758,59178,59178,13233,8:38:44,457,59177,62300,609,8:36:59,6000,59177,62370,200,8:36:59,850,59068,62490,1500,8:38:39,16687,59000,62845,30
53,1397/7/22 8:41:20,0,59178,14758,59178,59178,13233,8:38:44,457,59177,62300,609,8:36:59,6000,59177,62370,200,8:36:59,850,59068,62490,1500,8:38:39,16687,59000,62845,30
54,1397/7/22 8:41:20,0,59178,14758,59178,59178,13233,8:38:44,457,59177,62300,609,8:36:59,6000,59177,62370,200,8:36:59,850,59068,62490,1500,8:41:28,16687,59000,62500,20
55,1397/7/22 8:41:48,0,59179,13658,59179,59179,13233,8:41:48,2600,59178,62300,609,8:41:48,457,59178,62370,200,8:41:48,6000,59100,62490,1500,8:41:48,850,59068,62500,20
56,1397/7/22 8:42:12,0,59179,23658,59179,59179,13233,8:41:48,2600,59178,62300,609,8:41:48,457,59178,62370,200,8:41:48,6000,59100,62490,1500,8:41:48,850,59068,62500,20
57,1397/7/22 8:42:15,0,59179,23658,59179,59179,13413,8:41:48,2600,59178,62300,609,8:41:48,457,59178,62370,200,8:41:48,6000,59100,62490,1500,8:41:48,850,59068,62500,20
58,1397/7/22 8:42:22,0,59500,9150,59500,59500,2413,8:42:22,2000,59300,62300,609,8:42:22,1008,59300,62370,200,8:42:22,11500,59179,62490,1500,8:42:22,2600,59178,62500,20
59,1397/7/22 8:42:35,0,59500,10150,59500,59500,2413,8:42:22,2000,59300,62300,609,8:42:22,1008,59300,62370,200,8:42:22,11500,59179,62490,1500,8:42:22,2600,59178,62500,20
60,1397/7/22 8:42:57,0,59500,12150,59500,59500,2413,8:42:22,2000,59300,62300,609,8:42:22,1008,59300,62370,200,8:42:22,11500,59179,62490,1500,8:42:22,2600,59178,62500,20
61,1397/7/22 8:42:57,0,59500,12150,59500,59500,2413,8:43:18,2000,59300,62300,8481,8:42:22,1008,59300,62370,200,8:42:22,11500,59179,62490,1500,8:42:22,2600,59178,62500,20
62,1397/7/22 8:42:57,0,59500,12150,59500,59500,2413,8:43:18,2000,59300,62300,8481,8:42:22,1008,59300,62370,200,8:43:20,100,59180,62490,1500,8:43:20,11500,59179,62500,20
63,1397/7/22 8:44:39,0,59500,12985,59500,59500,2413,8:43:18,2000,59300,62300,8481,8:42:22,1008,59300,62370,200,8:43:20,100,59180,62490,1500,8:43:20,11500,59179,62500,20
64,1397/7/22 8:44:40,0,59500,13185,59500,59500,2413,8:43:18,2000,59300,62300,8481,8:42:22,1008,59300,62370,200,8:43:20,100,59180,62490,1500,8:43:20,11500,59179,62500,20
65,1397/7/22 8:45:11,0,59500,14185,59500,59500,2413,8:43:18,2000,59300,62300,8481,8:42:22,1008,59300,62370,200,8:43:20,100,59180,62490,1500,8:43:20,11500,59179,62500,20
66,1397/7/22 8:45:55,0,59500,12185,59500,59500,2413,8:43:18,2000,59300,62300,8481,8:42:22,1008,59300,62370,200,8:43:20,100,59180,62490,1500,8:43:20,11500,59179,62500,20
67,1397/7/22 8:46:01,0,59500,11185,59500,59500,2413,8:43:18,2000,59300,62300,8481,8:42:22,1008,59300,62370,200,8:43:20,100,59180,62490,1500,8:43:20,11500,59179,62500,20
68,1397/7/22 8:46:06,0,59500,9185,59500,59500,2413,8:43:18,2000,59300,62300,8481,8:42:22,1008,59300,62370,200,8:43:20,100,59180,62490,1500,8:43:20,11500,59179,62500,20
69,1397/7/22 8:46:12,0,59500,7268,59500,59500,2413,8:43:18,2000,59300,62300,8481,8:42:22,1008,59300,62370,200,8:43:20,100,59180,62490,1500,8:43:20,11500,59179,62500,20
70,1397/7/22 8:46:45,0,60000,5277,60000,60000,2413,8:46:45,5118,59500,62300,8481,8:46:45,2000,59500,62370,200,8:46:45,1008,59200,62490,1500,8:46:45,100,59180,62500,20
71,1397/7/22 8:47:04,0,61000,2700,61000,61000,2413,8:47:04,250,60200,62300,8481,8:47:04,2327,60200,62370,200,8:47:04,5118,59500,62490,1500,8:47:04,2000,59300,62500,20
72,1397/7/22 8:47:04,0,61000,2700,61000,61000,2413,8:47:04,250,60200,62300,8481,8:47:05,4327,60200,62370,200,8:47:05,3118,59500,62490,1500,8:47:04,2000,59300,62500,20
73,1397/7/22 8:47:21,0,60000,4977,60000,60000,2413,8:47:21,3118,59500,62300,8481,8:47:21,2000,59500,62370,200,8:47:21,1008,59200,62490,1500,8:47:21,100,59180,62500,20
74,1397/7/22 8:47:44,0,60000,4977,60000,60000,2611,8:47:21,3118,59500,62300,8481,8:47:21,2000,59500,62370,200,8:47:21,1008,59200,62490,1500,8:47:21,100,59180,62500,20
75,1397/7/22 8:47:49,0,60100,2950,60100,60100,2611,8:47:49,4327,60000,62300,8481,8:47:49,3118,60000,62370,200,8:47:49,2000,59300,62490,1500,8:47:49,1008,59200,62500,20
76,1397/7/22 8:48:10,0,60001,2950,60001,60001,2611,8:47:49,4327,60000,62300,8481,8:47:49,3118,60000,62370,200,8:47:49,2000,59300,62490,1500,8:47:49,1008,59200,62500,20
77,1397/7/22 8:48:13,0,60001,3340,60001,60001,2611,8:47:49,4327,60000,62300,8481,8:47:49,3118,60000,62370,200,8:47:49,2000,59300,62490,1500,8:47:49,1008,59200,62500,20
78,1397/7/22 8:48:40,0,60001,4340,60001,60001,2611,8:47:49,4327,60000,62300,8481,8:47:49,3118,60000,62370,200,8:47:49,2000,59300,62490,1500,8:47:49,1008,59200,62500,20
79,1397/7/22 8:48:50,0,60001,4343,60001,60001,2611,8:47:49,4327,60000,62300,8481,8:47:49,3118,60000,62370,200,8:47:49,2000,59300,62490,1500,8:47:49,1008,59200,62500,20
80,1397/7/22 8:48:52,0,60001,3343,60001,60001,2611,8:47:49,4327,60000,62300,8481,8:47:49,3118,60000,62370,200,8:47:49,2000,59300,62490,1500,8:48:52,2008,59200,62500,20
81,1397/7/22 8:49:00,0,60001,3443,60001,60001,2611,8:47:49,4327,60000,62300,8481,8:47:49,3118,60000,62370,200,8:47:49,2000,59300,62490,1500,8:48:52,2008,59200,62500,20
82,1397/7/22 8:49:00,0,60001,3443,60001,60001,2611,8:49:10,4827,60000,62300,8481,8:47:49,3118,60000,62370,200,8:47:49,2000,59300,62490,1500,8:48:52,2008,59200,62500,20
83,1397/7/22 8:49:19,0,60001,3774,60001,60001,2611,8:49:10,4827,60000,62300,8481,8:47:49,3118,60000,62370,200,8:47:49,2000,59300,62490,1500,8:48:52,2008,59200,62500,20
84,1397/7/22 8:49:31,0,60001,5774,60001,60001,2611,8:49:31,2827,60000,62300,8481,8:47:49,3118,60000,62370,200,8:47:49,2000,59300,62490,1500,8:48:52,2008,59200,62500,20
85,1397/7/22 8:49:31,0,60001,5774,60001,60001,2611,8:49:31,2827,60000,62300,8481,8:50:01,6464,60000,62370,200,8:47:49,2000,59300,62490,1500,8:48:52,2008,59200,62500,20
86,1397/7/22 8:50:02,0,60001,10774,60001,60001,2611,8:49:31,2827,60000,62300,8481,8:50:01,6464,60000,62370,200,8:47:49,2000,59300,62490,1500,8:48:52,2008,59200,62500,20
87,1397/7/22 8:50:02,0,60001,10774,60001,60001,2611,8:49:31,2827,60000,62300,8481,8:50:04,6564,60000,62370,200,8:47:49,2000,59300,62490,1500,8:48:52,2008,59200,62500,20
88,1397/7/22 8:50:02,0,60001,10774,60001,60001,2611,8:49:31,2827,60000,62300,8481,8:50:04,6564,60000,62370,200,8:47:49,2000,59300,62490,1500,8:50:12,2428,59200,62500,20
89,1397/7/22 8:50:17,0,60200,16071,60200,60200,2611,8:50:17,10124,60001,62300,8481,8:50:17,2827,60001,62370,200,8:50:17,6564,59500,62490,1500,8:50:17,2000,59300,62500,20
90,1397/7/22 8:50:17,0,60200,16071,60200,60200,2611,8:50:25,10224,60001,62300,8481,8:50:17,2827,60001,62370,200,8:50:17,6564,59500,62490,1500,8:50:17,2000,59300,62500,20
91,1397/7/22 8:50:17,0,60200,16071,60200,60200,2611,8:50:25,10224,60001,62300,8481,8:50:30,6929,60001,62370,200,8:50:17,6564,59500,62490,1500,8:50:17,2000,59300,62500,20
92,1397/7/22 8:50:32,0,60200,18071,60200,60200,2611,8:50:32,8224,60001,62300,8481,8:50:30,6929,60001,62370,200,8:50:17,6564,59500,62490,1500,8:50:17,2000,59300,62500,20
93,1397/7/22 8:50:32,0,60200,18071,60200,60200,2611,8:50:32,8224,60001,62300,8481,8:50:30,6929,60001,62370,200,8:50:39,1000,59600,62490,1500,8:50:39,6564,59500,62500,20
94,1397/7/22 8:51:00,0,60200,16071,60200,60200,2611,8:51:00,10224,60001,62300,8481,8:50:30,6929,60001,62370,200,8:50:39,1000,59600,62490,1500,8:50:39,6564,59500,62500,20
95,1397/7/22 8:51:35,0,60200,18071,60200,60200,2611,8:51:35,8224,60001,62300,8481,8:50:30,6929,60001,62370,200,8:50:39,1000,59600,62490,1500,8:50:39,6564,59500,62500,20
96,1397/7/22 8:51:35,0,60200,18071,60200,60200,2611,8:51:54,100,60002,62300,8481,8:51:54,8224,60002,62370,200,8:51:54,6929,60000,62490,1500,8:51:54,1000,59600,62500,20
97,1397/7/22 8:51:35,0,60200,18071,60200,60200,2611,8:51:54,100,60002,62300,8481,8:51:54,8224,60002,62370,200,8:51:54,6929,60000,62490,1500,8:52:12,100,59601,62500,20
98,1397/7/22 8:52:24,0,60200,18906,60200,60200,2611,8:51:54,100,60002,62300,8481,8:51:54,8224,60002,62370,200,8:51:54,6929,60000,62490,1500,8:52:12,100,59601,62500,20
99,1397/7/22 8:52:24,0,60200,18906,60200,60200,2611,8:51:54,100,60002,62300,8481,8:52:38,7831,60002,62370,200,8:51:54,6929,60000,62490,1500,8:52:12,100,59601,62500,20
100,1397/7/22 8:52:24,0,60200,18906,60200,60200,2611,8:51:54,100,60002,62300,8481,8:52:38,7831,60002,62370,200,8:52:45,7009,60000,62490,1500,8:52:12,100,59601,62500,20
101,1397/7/22 8:52:55,0,60200,20406,60200,60200,2611,8:51:54,100,60002,62300,8481,8:52:38,7831,60002,62370,200,8:52:45,7009,60000,62490,1500,8:52:12,100,59601,62500,20
102,1397/7/22 8:53:00,0,60200,20156,60200,60200,2611,8:53:00,5100,60002,62300,8481,8:53:00,2831,60002,62370,200,8:52:45,7009,60000,62490,1500,8:52:12,100,59601,62500,20
103,1397/7/22 8:53:00,0,60200,20156,60200,60200,2611,8:53:12,2500,60150,62300,8481,8:53:12,5100,60150,62370,200,8:53:12,2831,60001,62490,1500,8:53:12,7009,60000,62500,20
104,1397/7/22 8:53:00,0,60200,20156,60200,60200,2611,8:53:12,2500,60150,62300,8481,8:53:12,5100,60150,62370,200,8:53:12,2831,60001,62490,1500,8:53:33,6929,60000,62500,20
105,1397/7/22 8:53:00,0,60200,20156,60200,60200,2611,8:53:12,2500,60150,62300,8481,8:53:12,5100,60150,62370,200,8:53:35,3031,60001,62490,1500,8:53:33,6929,60000,62500,20
106,1397/7/22 8:53:44,0,60300,2900,60300,60300,2611,8:53:44,18256,60200,62300,8481,8:53:44,2500,60200,62370,200,8:53:44,5100,60002,62490,1500,8:53:44,3031,60001,62500,20
107,1397/7/22 8:53:44,0,60300,2900,60300,60300,2611,8:53:44,18256,60200,62300,8481,8:53:44,2500,60200,62370,200,8:53:47,8100,60002,62490,1500,8:53:44,3031,60001,62500,20
108,1397/7/22 8:53:44,0,60300,2900,60300,60300,2611,8:53:49,1000,60222,62300,8481,8:53:49,18256,60222,62370,200,8:53:49,2500,60150,62490,1500,8:53:49,8100,60002,62500,20
109,1397/7/22 8:53:50,0,60300,4900,60300,60300,2611,8:53:49,1000,60222,62300,8481,8:53:50,16256,60222,62370,200,8:53:49,2500,60150,62490,1500,8:53:49,8100,60002,62500,20
110,1397/7/22 8:54:01,0,60301,3000,60301,60301,2611,8:54:01,4500,60300,62300,8481,8:54:01,1000,60300,62370,200,8:54:01,16256,60200,62490,1500,8:54:01,2500,60150,62500,20
111,1397/7/22 8:54:05,0,60301,5000,60301,60301,2611,8:54:05,2500,60300,62300,8481,8:54:01,1000,60300,62370,200,8:54:05,300,60221,62490,1500,8:54:05,16256,60200,62500,20
112,1397/7/22 8:54:13,0,60302,3000,60302,60302,2611,8:54:13,2000,60301,62300,8481,8:54:13,2500,60301,62370,200,8:54:13,1000,60222,62490,1500,8:54:13,300,60221,62500,20
113,1397/7/22 8:54:17,0,60302,4000,60302,60302,2611,8:54:13,2000,60301,62300,8481,8:54:13,2500,60301,62370,200,8:54:17,300,60221,62490,1500,8:54:17,16256,60200,62500,20
114,1397/7/22 8:54:25,0,60303,4000,60303,60303,2611,8:54:13,2000,60301,62300,8481,8:54:13,2500,60301,62370,200,8:54:17,300,60221,62490,1500,8:54:17,16256,60200,62500,20
115,1397/7/22 8:54:25,0,60303,4000,60303,60303,2611,8:54:32,835,60302,62300,8481,8:54:32,2000,60302,62370,200,8:54:32,2500,60300,62490,1500,8:54:32,300,60221,62500,20
116,1397/7/22 8:54:33,0,60303,6000,60303,60303,2611,8:54:32,835,60302,62300,8481,8:54:33,2500,60302,62370,200,8:54:33,300,60221,62490,1500,8:54:33,15421,60200,62500,20
117,1397/7/22 8:54:36,0,60305,4000,60305,60305,2611,8:54:36,2000,60303,62300,8481,8:54:36,835,60303,62370,200,8:54:36,2500,60300,62490,1500,8:54:36,300,60221,62500,20
118,1397/7/22 8:54:38,0,60305,4250,60305,60305,2611,8:54:36,2000,60303,62300,8481,8:54:36,835,60303,62370,200,8:54:36,2500,60300,62490,1500,8:54:36,300,60221,62500,20
119,1397/7/22 8:54:45,0,60305,6250,60305,60305,2611,8:54:45,835,60302,62300,8481,8:54:45,2500,60302,62370,200,8:54:45,300,60221,62490,1500,8:54:45,15421,60200,62500,20
120,1397/7/22 8:54:45,0,60305,6250,60305,60305,2611,8:54:46,164,60304,62300,8481,8:54:46,835,60304,62370,200,8:54:46,2500,60300,62490,1500,8:54:46,300,60221,62500,20
121,1397/7/22 8:54:45,0,60305,6250,60305,60305,2611,8:54:48,328,60304,62300,8481,8:54:46,835,60304,62370,200,8:54:46,2500,60300,62490,1500,8:54:46,300,60221,62500,20
122,1397/7/22 8:55:06,0,60305,5950,60305,60305,2611,8:54:48,328,60304,62300,8481,8:54:46,835,60304,62370,200,8:55:06,2800,60300,62490,1500,8:54:46,300,60221,62500,20
123,1397/7/22 8:55:17,0,60305,6785,60305,60305,2611,8:54:48,328,60304,62300,8481,8:55:17,3500,60304,62370,200,8:55:17,300,60221,62490,1500,8:55:17,15421,60200,62500,20
124,1397/7/22 8:55:44,0,60305,5785,60305,60305,2611,8:54:48,328,60304,62300,8481,8:55:17,3500,60304,62370,200,8:55:17,300,60221,62490,1500,8:55:17,15421,60200,62500,20
125,1397/7/22 8:55:46,0,60305,4950,60305,60305,2611,8:54:48,328,60304,62300,8481,8:55:17,3500,60304,62370,200,8:55:17,300,60221,62490,1500,8:55:17,15421,60200,62500,20
126,1397/7/22 8:55:46,0,60305,4950,60305,60305,2611,8:55:50,50328,60304,62300,8481,8:55:17,3500,60304,62370,200,8:55:17,300,60221,62490,1500,8:55:17,15421,60200,62500,20
127,1397/7/22 8:55:57,0,60400,2650,60400,60400,2611,8:55:57,4600,60305,62300,8481,8:55:57,50328,60305,62370,200,8:55:57,3500,60300,62490,1500,8:55:57,300,60221,62500,20
128,1397/7/22 8:55:57,0,60400,2650,60400,60400,2611,8:56:00,5050,60305,62300,8481,8:55:57,50328,60305,62370,200,8:55:57,3500,60300,62490,1500,8:55:57,300,60221,62500,20
129,1397/7/22 8:56:04,0,60400,4650,60400,60400,2611,8:56:04,3050,60305,62300,8481,8:55:57,50328,60305,62370,200,8:55:57,3500,60300,62490,1500,8:55:57,300,60221,62500,20
130,1397/7/22 8:56:10,0,60306,4650,60306,60306,2611,8:56:04,3050,60305,62300,8481,8:55:57,50328,60305,62370,200,8:55:57,3500,60300,62490,1500,8:55:57,300,60221,62500,20
131,1397/7/22 8:56:10,0,60306,4650,60306,60306,2611,8:56:04,3050,60305,62300,8481,8:55:57,50328,60305,62370,200,8:56:11,53500,60300,62490,1500,8:55:57,300,60221,62500,20
132,1397/7/22 8:56:29,0,60306,4900,60306,60306,2611,8:56:04,3050,60305,62300,8481,8:55:57,50328,60305,62370,200,8:56:11,53500,60300,62490,1500,8:56:29,100000,60225,62500,20
133,1397/7/22 8:56:30,0,60307,3350,60307,60307,2611,8:56:30,4550,60306,62300,8481,8:56:30,3050,60306,62370,200,8:56:30,50328,60304,62490,1500,8:56:30,53500,60300,62500,20
134,1397/7/22 8:56:30,0,60307,3350,60307,60307,2611,8:56:35,4550,60306,61000,1280,8:56:35,3050,60306,62300,8481,8:56:35,50328,60304,62370,200,8:56:35,53500,60300,62490,1500
135,1397/7/22 8:56:30,0,60307,3350,60307,60307,2611,8:56:39,2550,60306,61000,1280,8:56:35,3050,60306,62300,8481,8:56:35,50328,60304,62370,200,8:56:35,53500,60300,62490,1500
136,1397/7/22 8:56:47,0,60400,2850,60400,60400,2611,8:56:47,3000,60307,61000,1280,8:56:47,2550,60307,62300,8481,8:56:47,3050,60305,62370,200,8:56:47,50328,60304,62490,1500
137,1397/7/22 8:56:47,0,60400,2850,60400,60400,2611,8:56:48,3250,60307,61000,1280,8:56:48,2300,60307,62300,8481,8:56:47,3050,60305,62370,200,8:56:47,50328,60304,62490,1500
138,1397/7/22 8:56:47,0,60400,2850,60400,60400,2611,8:56:54,164,60308,61000,1280,8:56:54,3250,60308,62300,8481,8:56:54,2300,60306,62370,200,8:56:54,3050,60305,62490,1500
139,1397/7/22 8:57:00,0,60401,2850,60401,60401,2611,8:57:00,250,60400,61000,1280,8:57:00,164,60400,62300,8481,8:57:00,3000,60307,62370,200,8:57:00,2300,60306,62490,1500
140,1397/7/22 8:57:03,0,60405,4160,60405,60405,2611,8:57:03,250,60401,61000,1280,8:57:03,250,60401,62300,8481,8:57:03,164,60308,62370,200,8:57:03,3000,60307,62490,1500
141,1397/7/22 8:57:03,0,60405,4160,60405,60405,2611,8:57:05,2850,60401,61000,1280,8:57:03,250,60401,62300,8481,8:57:03,164,60308,62370,200,8:57:03,3000,60307,62490,1500
142,1397/7/22 8:57:08,0,60410,5600,60410,60410,2611,8:57:08,1560,60405,61000,1280,8:57:08,2850,60405,62300,8481,8:57:08,250,60400,62370,200,8:57:08,164,60308,62490,1500
143,1397/7/22 8:57:08,0,60410,5600,60410,60410,2611,8:57:10,2300,60406,61000,1280,8:57:10,1560,60406,62300,8481,8:57:10,2850,60401,62370,200,8:57:10,250,60400,62490,1500
144,1397/7/22 8:57:08,0,60410,5600,60410,60410,2611,8:57:14,4900,60406,61000,1280,8:57:10,1560,60406,62300,8481,8:57:14,250,60401,62370,200,8:57:10,250,60400,62490,1500
145,1397/7/22 8:57:08,0,60410,5600,60410,60410,2611,8:57:18,4900,60406,62300,8481,8:57:18,1560,60406,62370,200,8:57:18,250,60401,62480,1280,8:57:10,250,60400,62490,1500
146,1397/7/22 8:57:19,0,60411,2850,60411,60411,2611,8:57:19,3000,60410,62300,8481,8:57:19,4900,60410,62370,200,8:57:19,1560,60405,62480,1280,8:57:10,250,60400,62490,1500
147,1397/7/22 8:57:21,0,60411,5450,60411,60411,2611,8:57:19,3000,60410,62300,8481,8:57:21,2300,60410,62370,200,8:57:19,1560,60405,62480,1280,8:57:10,250,60400,62490,1500
148,1397/7/22 8:57:29,0,60412,5200,60412,60412,2611,8:57:29,250,60411,62300,8481,8:57:29,3000,60411,62370,200,8:57:29,2300,60406,62480,1280,8:57:29,1560,60405,62490,1500
149,1397/7/22 8:57:33,0,60500,3427,60500,60500,2611,8:57:33,2600,60412,62300,8481,8:57:33,250,60412,62370,200,8:57:33,3000,60410,62480,1280,8:57:33,2300,60406,62490,1500
150,1397/7/22 8:57:33,0,60500,3427,60500,60500,2611,8:57:34,4900,60412,62300,8481,8:57:33,250,60412,62370,200,8:57:33,3000,60410,62480,1280,8:57:34,1560,60405,62490,1500
151,1397/7/22 8:57:33,0,60500,3427,60500,60500,2611,8:57:40,2600,60413,62300,8481,8:57:40,2300,60413,62370,200,8:57:40,250,60411,62480,1280,8:57:40,3000,60410,62490,1500
152,1397/7/22 8:57:46,0,60505,3527,60505,60505,2611,8:57:46,2500,60500,62300,8481,8:57:40,2300,60500,62370,200,8:57:40,250,60411,62480,1280,8:57:40,3000,60410,62490,1500
153,1397/7/22 8:57:46,0,60505,3527,60505,60505,2611,8:57:46,2500,60500,62300,8481,8:57:49,331,60500,62370,200,8:57:49,2300,60412,62480,1280,8:57:49,250,60411,62490,1500
154,1397/7/22 8:57:59,0,60505,3777,60505,60505,2811,8:57:46,2500,60500,62300,8481,8:57:49,331,60500,62370,200,8:57:49,2300,60412,62480,1280,8:57:59,3000,60410,62490,1500
155,1397/7/22 8:58:00,0,60506,3691,60506,60506,2811,8:58:00,250,60505,62300,8481,8:58:00,2500,60505,62370,200,8:58:00,331,60450,62480,1280,8:58:00,2300,60412,62490,1500
156,1397/7/22 8:58:00,0,60506,3691,60506,60506,2811,8:58:02,2250,60505,62300,8481,8:58:00,2500,60505,62370,200,8:58:00,331,60450,62480,1280,8:58:00,2300,60412,62490,1500
157,1397/7/22 8:58:06,0,60506,3941,60506,60506,2811,8:58:06,2000,60505,62300,8481,8:58:00,2500,60505,62370,200,8:58:00,331,60450,62480,1280,8:58:00,2300,60412,62490,1500
158,1397/7/22 8:58:15,0,60507,3691,60507,60507,2811,8:58:15,250,60506,62300,8481,8:58:15,2000,60506,62370,200,8:58:15,2500,60500,62480,1280,8:58:15,331,60450,62490,1500
159,1397/7/22 8:58:17,0,60507,3941,60507,60507,2811,8:58:17,2000,60505,62300,8481,8:58:17,2500,60505,62370,200,8:58:17,331,60450,62480,1280,8:58:17,2300,60412,62490,1500
160,1397/7/22 8:58:25,0,60507,3941,60507,60507,2611,8:58:17,2000,60505,62300,8481,8:58:17,2500,60505,62370,200,8:58:17,331,60450,62480,1280,8:58:17,2300,60412,62490,1500
161,1397/7/22 8:58:30,0,60600,4077,60600,60600,2611,8:58:30,414,60507,62300,8481,8:58:30,2000,60507,62370,200,8:58:30,2500,60500,62480,1280,8:58:30,331,60450,62490,1500
162,1397/7/22 8:58:34,0,60600,6577,60600,60600,2611,8:58:30,414,60507,62300,8481,8:58:30,2000,60507,62370,200,8:58:30,2500,60500,62480,1280,8:58:30,331,60450,62490,1500
163,1397/7/22 8:58:34,0,60600,6577,60600,60600,2611,8:58:38,3414,60507,62300,8481,8:58:30,2000,60507,62370,200,8:58:30,2500,60500,62480,1280,8:58:30,331,60450,62490,1500
164,1397/7/22 8:58:40,0,60600,8577,60600,60600,2611,8:58:38,3414,60507,62300,8481,8:58:30,2000,60507,62370,200,8:58:30,2500,60500,62480,1280,8:58:30,331,60450,62490,1500
165,1397/7/22 8:58:42,0,60700,3527,60700,60700,2611,8:58:42,300,60650,62300,8481,8:58:42,4750,60650,62370,200,8:58:42,3414,60507,62480,1280,8:58:42,2000,60505,62490,1500
166,1397/7/22 8:58:42,0,60700,3527,60700,60700,2611,8:58:42,300,60650,62300,8481,8:58:42,4750,60650,62370,200,8:58:48,3496,60507,62480,1280,8:58:42,2000,60505,62490,1500
167,1397/7/22 8:58:49,0,60700,6527,60700,60700,2611,8:58:42,300,60650,62300,8481,8:58:49,2750,60650,62370,200,8:58:49,496,60507,62480,1280,8:58:42,2000,60505,62490,1500
168,1397/7/22 8:58:56,0,60700,6627,60700,60700,2611,8:58:42,300,60650,62300,8481,8:58:49,2750,60650,62370,200,8:58:49,496,60507,62480,1280,8:58:42,2000,60505,62490,1500
169,1397/7/22 8:59:00,0,60800,3627,60800,60800,2611,8:59:00,3000,60700,62300,8481,8:59:00,300,60700,62370,200,8:59:00,2750,60600,62480,1280,8:59:00,496,60507,62490,1500
170,1397/7/22 8:59:08,0,60900,3627,60900,60900,2611,8:59:00,3000,60700,62300,8481,8:59:00,300,60700,62370,200,8:59:00,2750,60600,62480,1280,8:59:00,496,60507,62490,1500
171,1397/7/22 8:59:08,0,60900,3627,60900,60900,2611,8:59:13,5500,60700,62300,8481,8:59:00,300,60700,62370,200,8:59:13,250,60600,62480,1280,8:59:00,496,60507,62490,1500
172,1397/7/22 8:59:08,0,60900,3627,60900,60900,2611,8:59:14,15421,60750,62300,8481,8:59:14,5500,60750,62370,200,8:59:14,300,60650,62480,1280,8:59:14,250,60600,62490,1500
173,1397/7/22 8:59:20,0,60900,7627,60900,60900,2611,8:59:14,15421,60750,62300,8481,8:59:20,2500,60750,62370,200,8:59:14,300,60650,62480,1280,8:59:14,250,60600,62490,1500
174,1397/7/22 8:59:20,0,60900,7627,60900,60900,2611,8:59:14,15421,60750,62300,8481,8:59:21,12500,60750,62370,200,8:59:14,300,60650,62480,1280,8:59:14,250,60600,62490,1500
175,1397/7/22 8:59:20,0,60900,7627,60900,60900,2611,8:59:22,700,60800,62300,8481,8:59:22,15421,60800,62370,200,8:59:22,12500,60700,62480,1280,8:59:22,300,60650,62490,1500
176,1397/7/22 8:59:20,0,60900,7627,60900,60900,2611,8:59:30,700,60800,62300,8322,8:59:22,15421,60800,62370,200,8:59:22,12500,60700,62480,1280,8:59:22,300,60650,62490,1500
177,1397/7/22 8:59:20,0,60900,7627,60900,60900,2611,8:59:30,700,60800,62300,8322,8:59:22,15421,60800,62370,200,8:59:33,10000,60700,62480,1280,8:59:22,300,60650,62490,1500
178,1397/7/22 8:59:43,0,61000,3327,61000,61000,2611,8:59:43,6600,60900,62300,8322,8:59:43,700,60900,62370,200,8:59:43,15421,60750,62480,1280,8:59:43,10000,60700,62490,1500
179,1397/7/22 8:59:43,0,61000,3327,61000,61000,2611,8:59:47,2600,60905,62300,8322,8:59:47,4000,60905,62370,200,8:59:47,700,60800,62480,1280,8:59:47,15421,60750,62490,1500
180,1397/7/22 8:59:43,0,61000,3327,61000,61000,2611,8:59:54,2600,60905,62250,200,8:59:54,4000,60905,62300,8322,8:59:54,700,60800,62370,200,8:59:54,15421,60750,62480,1280
181,1397/7/22 8:59:43,0,61000,3327,61000,61000,2611,8:59:54,2600,60905,62250,200,8:59:58,4500,60905,62300,8322,8:59:54,700,60800,62370,200,8:59:54,15421,60750,62480,1280
182,1397/7/22 8:59:59,0,61000,4827,61000,61000,2611,8:59:54,2600,60905,62250,200,8:59:58,4500,60905,62300,8322,8:59:54,700,60800,62370,200,8:59:54,15421,60750,62480,1280
183,1397/7/22 8:59:59,0,61000,4827,61000,61000,2611,8:59:54,2600,60905,62250,200,9:00:00,4600,60905,62300,8322,8:59:54,700,60800,62370,200,8:59:54,15421,60750,62480,1280
184,1397/7/22 8:59:59,0,61000,4827,61000,61000,2611,8:59:54,2600,60905,62250,200,9:00:00,4600,60905,62300,8322,9:00:01,15421,60750,62370,200,9:00:01,10000,60700,62480,1280
185,1397/7/22 9:00:02,0,61001,3100,61001,61001,2611,9:00:02,4727,61000,62250,200,9:00:02,2600,61000,62300,8322,9:00:02,4600,60900,62370,200,9:00:02,15421,60750,62480,1280
186,1397/7/22 9:00:03,0,61001,5680,61001,61001,2611,9:00:02,4727,61000,62250,200,9:00:03,4600,61000,62300,8322,9:00:03,15421,60750,62370,200,9:00:03,10000,60700,62480,1280
187,1397/7/22 9:00:04,0,61001,5880,61001,61001,2611,9:00:02,4727,61000,62250,200,9:00:04,3600,61000,62300,8322,9:00:03,15421,60750,62370,200,9:00:03,10000,60700,62480,1280
188,1397/7/22 9:00:04,0,61001,5880,61001,61001,2611,9:00:10,4747,61000,62250,200,9:00:04,3600,61000,62300,8322,9:00:03,15421,60750,62370,200,9:00:03,10000,60700,62480,1280
189,1397/7/22 9:00:13,0,61001,8180,61001,61001,2611,9:00:13,2447,61000,62250,200,9:00:04,3600,61000,62300,8322,9:00:03,15421,60750,62370,200,9:00:03,10000,60700,62480,1280
190,1397/7/22 9:00:38,1249,61625,5569,61001,62250,200,9:00:38,2447,61000,62300,8322,9:00:38,3600,61000,62370,200,9:00:38,15421,60750,62480,1280,9:00:38,10000,60700,62490,1500
191,1397/7/22 9:01:08,1249,61625,6269,61001,62250,200,9:00:38,2447,61000,62300,8322,9:00:38,3600,61000,62370,200,9:00:38,15421,60750,62480,1280,9:00:38,10000,60700,62490,1500
192,1397/7/22 9:01:09,1245,61627,2580,61005,62250,200,9:01:09,3689,61001,62300,8322,9:01:09,2447,61001,62370,200,9:01:09,3600,60900,62480,1280,9:01:09,15421,60750,62490,1500
193,1397/7/22 9:01:09,1245,61627,2580,61005,62250,200,9:01:11,4689,61001,62300,8322,9:01:09,2447,61001,62370,200,9:01:09,3600,60900,62480,1280,9:01:09,15421,60750,62490,1500
194,1397/7/22 9:01:20,1244,61627,2580,61005,62249,1000,9:01:20,4689,61001,62250,200,9:01:20,2447,61001,62300,8322,9:01:20,3600,60900,62370,200,9:01:20,15421,60750,62480,1280
195,1397/7/22 9:01:21,1244,61627,3580,61005,62249,1000,9:01:21,3689,61001,62250,200,9:01:20,2447,61001,62300,8322,9:01:20,3600,60900,62370,200,9:01:21,15421,60750,62490,1500
196,1397/7/22 9:01:21,1244,61627,3580,61005,62249,1000,9:01:21,3689,61001,62250,200,9:01:20,2447,61001,62300,8322,9:01:25,3100,60900,62370,200,9:01:21,15421,60750,62490,1500
197,1397/7/22 9:01:31,1244,61627,4030,61005,62249,1000,9:01:21,3689,61001,62250,200,9:01:20,2447,61001,62300,8322,9:01:25,3100,60900,62370,200,9:01:21,15421,60750,62490,1500
198,1397/7/22 9:01:37,9,62244,1500,62240,62249,1200,9:01:37,4030,61005,62250,200,9:01:37,3689,61005,62300,8322,9:01:37,2447,61000,62490,1500,9:01:37,3100,60900,62500,520
199,1397/7/22 9:01:41,9,62244,1500,62240,62249,800,9:01:37,4030,61005,62250,200,9:01:37,3689,61005,62300,8322,9:01:37,2447,61000,62490,1500,9:01:37,3100,60900,62500,520
200,1397/7/22 9:01:41,9,62244,1500,62240,62249,800,9:01:37,4030,61005,62250,200,9:01:37,3689,61005,62300,8322,9:01:37,2447,61000,62490,1500,9:01:45,13100,60900,62500,520
201,1397/7/22 9:01:41,9,62244,1500,62240,62249,800,9:01:37,4030,61005,62250,200,9:01:50,5304,61005,62300,8322,9:01:37,2447,61000,62490,1500,9:01:45,13100,60900,62500,520
202,1397/7/22 9:01:56,9,62244,1500,62240,62249,500,9:01:37,4030,61005,62250,200,9:01:50,5304,61005,62300,8322,9:01:37,2447,61000,62490,1500,9:01:45,13100,60900,62500,520
203,1397/7/22 9:01:57,9,62244,1500,62240,62249,400,9:01:37,4030,61005,62250,200,9:01:50,5304,61005,62300,8322,9:01:57,2347,61000,62490,1500,9:01:45,13100,60900,62500,520
204,1397/7/22 9:01:58,9,62244,1350,62240,62249,200,9:01:37,4030,61005,62250,200,9:01:50,5304,61005,62300,8322,9:01:57,2347,61000,62490,1500,9:01:58,13100,60900,62500,2520
205,1397/7/22 9:02:14,9,62244,1381,62240,62249,200,9:01:37,4030,61005,62250,200,9:01:50,5304,61005,62300,8322,9:01:57,2347,61000,62490,1500,9:01:58,13100,60900,62500,2520
206,1397/7/22 9:02:20,9,62244,1381,62240,62249,400,9:01:37,4030,61005,62250,200,9:01:50,5304,61005,62300,8322,9:01:57,2347,61000,62490,1500,9:01:58,13100,60900,62500,2520
207,1397/7/22 9:02:26,8,62244,1381,62240,62248,200,9:02:26,4030,61005,62249,400,9:01:50,5304,61005,62300,8322,9:01:57,2347,61000,62490,1500,9:01:58,13100,60900,62500,2520
208,1397/7/22 9:02:28,9,62244,1381,62240,62249,170,9:02:28,3580,61005,62300,8322,9:02:28,5304,61005,62490,1500,9:02:28,2347,61000,62500,2520,9:02:28,13100,60900,62845,30
209,1397/7/22 9:02:28,9,62244,1381,62240,62249,170,9:02:28,3580,61005,62300,8322,9:02:28,5304,61005,62490,1500,9:02:28,2347,61000,62500,2520,9:02:40,10100,60900,62845,30
210,1397/7/22 9:02:44,387,61806,100,61613,62000,619,9:02:44,3580,61005,62249,170,9:02:44,5304,61005,62300,8322,9:02:44,2347,61000,62490,1500,9:02:44,10100,60900,62500,2520
211,1397/7/22 9:02:44,387,61806,100,61613,62000,619,9:02:49,3580,61005,62248,170,9:02:44,5304,61005,62300,8322,9:02:44,2347,61000,62490,1500,9:02:44,10100,60900,62500,2520
212,1397/7/22 9:02:52,995,61502,3580,61005,62000,619,9:02:52,5304,61001,62248,170,9:02:52,2347,61001,62300,8322,9:02:52,10100,60900,62490,1500,9:02:52,15421,60750,62500,2520
213,1397/7/22 9:02:55,995,61502,2580,61005,62000,619,9:02:52,5304,61001,62248,170,9:02:52,2347,61001,62300,8322,9:02:52,10100,60900,62490,1500,9:02:52,15421,60750,62500,2520
214,1397/7/22 9:02:55,995,61502,2580,61005,62000,619,9:02:52,5304,61001,62248,170,9:02:56,2347,61001,62249,320,9:02:56,10100,60900,62300,8322,9:02:56,15421,60750,62490,1500
215,1397/7/22 9:02:55,995,61502,2580,61005,62000,619,9:02:52,5304,61001,62248,170,9:02:56,2347,61001,62249,320,9:03:02,10100,60900,62250,200,9:03:02,15421,60750,62300,8322
216,1397/7/22 9:03:13,248,62124,1931,62000,62248,170,9:03:13,5304,61001,62249,320,9:03:13,2347,61001,62250,200,9:03:13,10100,60900,62300,8322,9:03:13,15421,60750,62490,1500
217,1397/7/22 9:03:25,1,62249,213,62249,62250,200,9:03:25,1931,62000,62300,8322,9:03:25,5304,62000,62490,1500,9:03:25,2347,61000,62500,2520,9:03:25,10100,60900,62845,30
218,1397/7/22 9:03:25,1,62249,213,62249,62250,200,9:03:25,1931,62000,62300,8322,9:03:30,1000,62000,62490,1500,9:03:30,5304,61001,62500,2520,9:03:30,2347,61000,62845,30
219,1397/7/22 9:03:35,249,62124,1931,62000,62249,167,9:03:35,1000,61200,62250,200,9:03:35,5304,61200,62300,8322,9:03:35,2347,61000,62490,1500,9:03:35,10100,60900,62500,2520
220,1397/7/22 9:03:35,249,62124,1931,62000,62249,167,9:03:35,1000,61200,62250,200,9:03:35,5304,61200,62300,8322,9:03:35,2347,61000,62490,1500,9:03:39,10100,60900,62500,4520
221,1397/7/22 9:03:35,249,62124,1931,62000,62249,167,9:03:54,1000,61200,62250,290,9:03:35,5304,61200,62300,8322,9:03:35,2347,61000,62490,1500,9:03:39,10100,60900,62500,4520
222,1397/7/22 9:03:56,248,62124,1931,62000,62248,13,9:03:56,1000,61200,62249,167,9:03:56,5304,61200,62250,290,9:03:56,2347,61000,62300,8322,9:03:56,10100,60900,62490,1500
223,1397/7/22 9:03:56,248,62124,1931,62000,62248,13,9:03:56,1000,61200,62249,167,9:04:02,5304,61200,62250,200,9:04:02,2347,61000,62260,90,9:04:02,10100,60900,62300,8322
224,1397/7/22 9:03:56,248,62124,1931,62000,62248,13,9:03:56,1000,61200,62249,167,9:04:02,5304,61200,62250,200,9:04:05,6426,61000,62260,90,9:04:02,10100,60900,62300,8322
225,1397/7/22 9:04:17,248,62124,1931,62000,62248,513,9:03:56,1000,61200,62249,167,9:04:02,5304,61200,62250,200,9:04:05,6426,61000,62260,90,9:04:02,10100,60900,62300,8322
226,1397/7/22 9:04:20,248,62124,1886,62000,62248,513,9:03:56,1000,61200,62249,167,9:04:02,5304,61200,62250,200,9:04:05,6426,61000,62260,90,9:04:02,10100,60900,62300,8322
227,1397/7/22 9:04:23,300,62150,1886,62000,62300,970,9:04:23,1000,61200,62490,1500,9:04:23,5304,61200,62500,4520,9:04:23,6426,61000,62845,30,9:04:23,10100,60900,62900,500
228,1397/7/22 9:04:26,298,62151,164,62002,62300,970,9:04:26,1886,62000,62490,1500,9:04:26,1000,62000,62500,4520,9:04:26,200,61051,62845,30,9:04:26,5304,61001,62900,500
229,1397/7/22 9:04:38,300,62150,50,62000,62300,970,9:04:38,1000,61200,62490,1500,9:04:38,200,61200,62500,4520,9:04:38,5304,61001,62845,30,9:04:38,6426,61000,62900,500
230,1397/7/22 9:04:40,490,62245,50,62000,62490,1500,9:04:40,1000,61200,62500,4520,9:04:40,200,61200,62845,30,9:04:40,5304,61001,62900,500,9:04:40,6426,61000,62955,160
231,1397/7/22 9:04:45,10,62495,23270,62490,62500,4520,9:04:45,50,62000,62845,30,9:04:45,1000,62000,62900,500,9:04:45,200,61051,62955,160,9:04:45,5304,61001,62998,50
232,1397/7/22 9:04:45,10,62495,23270,62490,62500,4520,9:04:45,50,62000,62845,30,9:04:45,1000,62000,62900,500,9:04:55,200,61051,62998,50,9:04:55,5304,61001,63000,9871
233,1397/7/22 9:04:57,10,62495,23249,62490,62500,4520,9:04:45,50,62000,62845,30,9:04:45,1000,62000,62900,500,9:04:55,200,61051,62998,50,9:04:55,5304,61001,63000,9871
234,1397/7/22 9:05:18,10,62495,23249,62490,62500,3020,9:04:45,50,62000,62845,30,9:04:45,1000,62000,62900,500,9:04:55,200,61051,62998,50,9:04:55,5304,61001,63000,9871
235,1397/7/22 9:05:22,500,62250,50,62000,62500,3020,9:05:22,1000,61200,62845,30,9:05:22,200,61200,62900,500,9:05:22,5304,61001,62998,50,9:05:22,6426,61000,63000,9871
236,1397/7/22 9:05:23,490,62245,50,62000,62490,2000,9:05:23,1000,61200,62500,1020,9:05:23,200,61200,62845,30,9:05:23,5304,61001,62900,500,9:05:23,6426,61000,62998,50
237,1397/7/22 9:05:23,490,62245,50,62000,62490,2000,9:05:23,1000,61200,62500,1020,9:05:23,200,61200,62845,30,9:05:23,5304,61001,62900,500,9:05:24,6406,61000,62998,50
238,1397/7/22 9:05:23,490,62245,50,62000,62490,2000,9:05:30,1000,61200,62500,1070,9:05:23,200,61200,62845,30,9:05:23,5304,61001,62900,500,9:05:24,6406,61000,62998,50
239,1397/7/22 9:05:41,490,62245,2750,62000,62490,2000,9:05:30,1000,61200,62500,1070,9:05:23,200,61200,62845,30,9:05:23,5304,61001,62900,500,9:05:24,6406,61000,62998,50
240,1397/7/22 9:05:41,490,62245,2750,62000,62490,2000,9:05:30,1000,61200,62500,1070,9:05:23,200,61200,62845,30,9:05:47,5504,61001,62900,500,9:05:24,6406,61000,62998,50
241,1397/7/22 9:05:59,490,62245,3150,62000,62490,2000,9:05:30,1000,61200,62500,1070,9:05:23,200,61200,62845,30,9:05:47,5504,61001,62900,500,9:05:24,6406,61000,62998,50
242,1397/7/22 9:06:02,490,62245,400,62000,62490,2000,9:05:30,1000,61200,62500,1070,9:05:23,200,61200,62845,30,9:05:47,5504,61001,62900,500,9:05:24,6406,61000,62998,50
243,1397/7/22 9:06:02,490,62245,400,62000,62490,2000,9:06:03,1000,61200,62500,6190,9:05:23,200,61200,62845,30,9:05:47,5504,61001,62900,500,9:06:03,6436,61000,62998,50
244,1397/7/22 9:06:09,490,62245,23832,62000,62490,2000,9:06:03,1000,61200,62500,6190,9:05:23,200,61200,62845,30,9:05:47,5504,61001,62900,500,9:06:03,6436,61000,62998,50
245,1397/7/22 9:06:16,489,62245,300,62001,62490,2000,9:06:16,23832,62000,62500,6190,9:06:16,1000,62000,62845,30,9:06:16,200,61051,62900,500,9:06:16,5504,61001,62998,50
246,1397/7/22 9:06:16,489,62245,300,62001,62490,2000,9:06:16,23832,62000,62500,6190,9:06:41,1100,62000,62845,30,9:06:16,200,61051,62900,500,9:06:16,5504,61001,62998,50
247,1397/7/22 9:06:44,490,62245,7087,62000,62490,2000,9:06:44,1100,61200,62500,6190,9:06:44,200,61200,62845,30,9:06:44,5504,61001,62900,500,9:06:44,6436,61000,62998,50
248,1397/7/22 9:06:46,489,62245,483,62001,62490,2000,9:06:46,7087,62000,62500,6190,9:06:46,1100,62000,62845,30,9:06:46,200,61051,62900,500,9:06:46,162,61002,62998,50
249,1397/7/22 9:06:48,488,62245,483,62001,62489,5120,9:06:48,7087,62000,62490,2000,9:06:48,1100,62000,62500,1070,9:06:48,200,61051,62845,30,9:06:48,162,61002,62900,500
250,1397/7/22 9:06:58,489,62244,2570,62000,62489,5120,9:06:58,1100,61200,62490,2000,9:06:58,200,61200,62500,1070,9:06:58,162,61002,62845,30,9:06:58,5504,61001,62900,500
251,1397/7/22 9:06:59,489,62244,2570,62000,62489,5147,9:06:58,1100,61200,62490,2000,9:06:58,200,61200,62500,1070,9:06:58,162,61002,62845,30,9:06:58,5504,61001,62900,500
252,1397/7/22 9:07:09,488,62245,320,62001,62489,5147,9:07:09,2570,62000,62490,2000,9:07:09,1100,62000,62500,1070,9:07:09,200,61051,62845,30,9:07:09,162,61002,62900,500
253,1397/7/22 9:07:20,489,62244,890,62000,62489,5147,9:07:20,1100,61200,62500,1070,9:07:20,200,61200,62845,30,9:07:20,162,61002,62900,500,9:07:20,5504,61001,62998,50
254,1397/7/22 9:07:30,489,62244,890,62000,62489,4747,9:07:20,1100,61200,62500,1070,9:07:20,200,61200,62845,30,9:07:20,162,61002,62900,500,9:07:20,5504,61001,62998,50
255,1397/7/22 9:07:36,489,62244,1890,62000,62489,4747,9:07:20,1100,61200,62500,1070,9:07:20,200,61200,62845,30,9:07:20,162,61002,62900,500,9:07:20,5504,61001,62998,50
256,1397/7/22 9:07:36,489,62244,1890,62000,62489,4747,9:07:38,1100,61200,62500,1570,9:07:20,200,61200,62845,30,9:07:20,162,61002,62900,500,9:07:20,5504,61001,62998,50
257,1397/7/22 9:07:44,484,62247,1000,62005,62489,4747,9:07:44,1890,62000,62500,1570,9:07:44,1100,62000,62845,30,9:07:44,200,61051,62900,500,9:07:44,162,61002,62998,50
258,1397/7/22 9:08:00,484,62247,2500,62005,62489,4747,9:07:44,1890,62000,62500,1570,9:07:44,1100,62000,62845,30,9:07:44,200,61051,62900,500,9:07:44,162,61002,62998,50
259,1397/7/22 9:08:00,484,62247,2500,62005,62489,4747,9:07:44,1890,62000,62500,1570,9:07:44,1100,62000,62845,30,9:07:44,200,61051,62900,500,9:08:23,5162,61002,62998,50
260,1397/7/22 9:08:26,484,62247,2660,62005,62489,4747,9:07:44,1890,62000,62500,1570,9:07:44,1100,62000,62845,30,9:07:44,200,61051,62900,500,9:08:23,5162,61002,62998,50
261,1397/7/22 9:08:26,484,62247,2660,62005,62489,4747,9:08:33,5969,62000,62500,1570,9:07:44,1100,62000,62845,30,9:07:44,200,61051,62900,500,9:08:23,5162,61002,62998,50
262,1397/7/22 9:08:37,483,62246,2660,62005,62488,27,9:08:37,5969,62000,62489,4720,9:08:37,1100,62000,62500,1570,9:08:37,200,61051,62845,30,9:08:37,5162,61002,62900,500
263,1397/7/22 9:08:45,482,62247,320,62006,62488,27,9:08:45,2660,62005,62489,4720,9:08:45,5969,62005,62500,1570,9:08:45,1100,61200,62845,30,9:08:45,200,61051,62900,500
264,1397/7/22 9:08:45,482,62247,320,62006,62488,27,9:08:46,2860,62005,62489,4720,9:08:45,5969,62005,62500,1570,9:08:45,1100,61200,62845,30,9:08:45,200,61051,62900,500
265,1397/7/22 9:08:57,482,62247,320,62006,62488,6,9:08:46,2860,62005,62489,4720,9:08:45,5969,62005,62500,1570,9:08:45,1100,61200,62845,30,9:08:45,200,61051,62900,500
266,1397/7/22 9:08:59,481,62246,320,62006,62487,4720,9:08:59,2860,62005,62488,6,9:08:45,5969,62005,62500,1570,9:08:45,1100,61200,62845,30,9:08:45,200,61051,62900,500
267,1397/7/22 9:08:59,481,62246,320,62006,62487,4720,9:08:59,2860,62005,62488,6,9:08:45,5969,62005,62500,1570,9:09:05,8625,61537,62845,30,9:09:05,1100,61200,62900,500
268,1397/7/22 9:08:59,481,62246,320,62006,62487,4720,9:08:59,2860,62005,62488,6,9:08:45,5969,62005,62500,1570,9:09:05,8625,61537,62845,30,9:09:06,2100,61200,62900,500
269,1397/7/22 9:09:12,394,62203,320,62006,62400,7373,9:09:12,2860,62005,62487,4720,9:09:12,5969,62005,62488,6,9:09:12,8625,61537,62500,1570,9:09:12,2100,61200,62845,30
270,1397/7/22 9:09:12,394,62203,320,62006,62400,7373,9:09:12,2860,62005,62487,4720,9:09:12,5969,62005,62488,6,9:09:12,8625,61537,62500,1570,9:09:17,200,61300,62845,30
271,1397/7/22 9:09:12,394,62203,320,62006,62400,7373,9:09:22,2860,62005,62487,5043,9:09:12,5969,62005,62488,6,9:09:12,8625,61537,62500,1570,9:09:17,200,61300,62845,30
272,1397/7/22 9:09:24,394,62203,450,62006,62400,7373,9:09:22,2860,62005,62487,5043,9:09:12,5969,62005,62488,6,9:09:12,8625,61537,62500,1570,9:09:17,200,61300,62845,30
273,1397/7/22 9:09:24,394,62203,450,62006,62400,7373,9:09:22,2860,62005,62487,5043,9:09:12,5969,62005,62488,6,9:09:12,8625,61537,62500,1570,9:09:25,2100,61200,62845,30
274,1397/7/22 9:09:26,394,62203,450,62006,62400,7214,9:09:22,2860,62005,62487,5043,9:09:12,5969,62005,62488,6,9:09:12,8625,61537,62500,1570,9:09:25,2100,61200,62845,30
275,1397/7/22 9:09:30,390,62205,222,62010,62400,7214,9:09:30,450,62006,62487,5043,9:09:30,2860,62006,62488,6,9:09:30,5969,62000,62500,1570,9:09:30,8625,61537,62845,30
276,1397/7/22 9:09:30,390,62205,222,62010,62400,7214,9:09:30,450,62006,62487,5043,9:09:31,12860,62006,62488,6,9:09:30,5969,62000,62500,1570,9:09:30,8625,61537,62845,30
277,1397/7/22 9:09:42,390,62205,1222,62010,62400,7214,9:09:30,450,62006,62487,5043,9:09:31,12860,62006,62488,6,9:09:30,5969,62000,62500,1570,9:09:30,8625,61537,62845,30
278,1397/7/22 9:09:45,389,62204,1222,62010,62399,4720,9:09:45,450,62006,62400,7214,9:09:45,12860,62006,62487,323,9:09:45,5969,62000,62488,6,9:09:45,8625,61537,62500,1570
279,1397/7/22 9:09:46,389,62204,1222,62010,62399,4726,9:09:45,450,62006,62400,7214,9:09:46,12860,62006,62480,1020,9:09:46,5969,62000,62487,323,9:09:46,8625,61537,62500,550
280,1397/7/22 9:09:54,389,62204,1222,62010,62399,6546,9:09:45,450,62006,62400,7214,9:09:46,12860,62006,62480,1020,9:09:46,5969,62000,62487,323,9:09:46,8625,61537,62500,550
281,1397/7/22 9:09:54,389,62204,1222,62010,62399,6546,9:10:01,450,62006,62400,8994,9:09:46,12860,62006,62480,1020,9:09:46,5969,62000,62487,323,9:09:46,8625,61537,62500,550
282,1397/7/22 9:10:04,389,62204,1302,62010,62399,6546,9:10:01,450,62006,62400,8994,9:09:46,12860,62006,62480,1020,9:09:46,5969,62000,62487,323,9:09:46,8625,61537,62500,550
283,1397/7/22 9:10:09,389,62204,1302,62010,62399,6146,9:10:01,450,62006,62400,8994,9:09:46,12860,62006,62480,1020,9:09:46,5969,62000,62487,323,9:09:46,8625,61537,62500,550
284,1397/7/22 9:10:09,389,62204,1302,62010,62399,6146,9:10:01,450,62006,62400,8994,9:09:46,12860,62006,62480,1020,9:09:46,5969,62000,62487,323,9:10:12,8625,61537,62500,650
285,1397/7/22 9:10:22,388,62204,1302,62010,62398,6,9:10:22,450,62006,62399,6140,9:10:22,12860,62006,62400,8994,9:10:22,5969,62000,62480,1020,9:10:22,8625,61537,62487,323
286,1397/7/22 9:10:22,388,62204,1302,62010,62398,6,9:10:22,450,62006,62399,6140,9:10:23,11860,62006,62400,8994,9:10:22,5969,62000,62480,1020,9:10:22,8625,61537,62487,323
287,1397/7/22 9:10:29,387,62204,1000,62011,62398,6,9:10:29,1302,62010,62399,6140,9:10:29,450,62010,62400,8994,9:10:29,11860,62005,62480,1020,9:10:29,5969,62000,62487,323
288,1397/7/22 9:10:30,387,62204,1200,62011,62398,6,9:10:29,1302,62010,62399,6140,9:10:29,450,62010,62400,8994,9:10:29,11860,62005,62480,1020,9:10:29,5969,62000,62487,323
289,1397/7/22 9:10:30,387,62204,1200,62011,62398,6,9:10:38,1622,62010,62399,6140,9:10:29,450,62010,62400,8994,9:10:29,11860,62005,62480,1020,9:10:29,5969,62000,62487,323
290,1397/7/22 9:10:46,388,62205,1200,62011,62399,2067,9:10:46,1622,62010,62400,8994,9:10:46,450,62010,62480,1020,9:10:46,11860,62005,62487,323,9:10:46,1890,62000,62488,2837
291,1397/7/22 9:10:50,388,62205,1400,62011,62399,2067,9:10:46,1622,62010,62400,8994,9:10:46,450,62010,62480,1020,9:10:50,11660,62005,62487,323,9:10:46,1890,62000,62488,2837
292,1397/7/22 9:10:51,387,62205,320,62012,62399,2067,9:10:51,1400,62011,62400,8994,9:10:51,1622,62011,62480,1020,9:10:51,130,62006,62487,323,9:10:51,11660,62005,62488,2837
293,1397/7/22 9:10:51,387,62205,320,62012,62399,2067,9:10:54,1400,62011,62400,9244,9:10:51,1622,62011,62480,1020,9:10:51,130,62006,62487,323,9:10:51,11660,62005,62488,2837
294,1397/7/22 9:10:51,387,62205,320,62012,62399,2067,9:11:03,1400,62011,62400,20244,9:10:51,1622,62011,62480,1020,9:10:51,130,62006,62487,323,9:10:51,11660,62005,62488,2837
295,1397/7/22 9:11:05,387,62205,820,62012,62399,2067,9:11:03,1400,62011,62400,20244,9:10:51,1622,62011,62480,1020,9:10:51,130,62006,62487,323,9:10:51,11660,62005,62488,2837
296,1397/7/22 9:11:06,387,62205,820,62012,62399,247,9:11:06,1400,62011,62400,22064,9:10:51,1622,62011,62480,1020,9:10:51,130,62006,62487,323,9:10:51,11660,62005,62488,2837
297,1397/7/22 9:11:07,387,62205,820,62012,62399,747,9:11:06,1400,62011,62400,22064,9:10:51,1622,62011,62480,1020,9:10:51,130,62006,62487,323,9:10:51,11660,62005,62488,2837
298,1397/7/22 9:11:17,388,62206,820,62012,62400,17917,9:11:17,1400,62011,62480,1020,9:11:17,1622,62011,62487,323,9:11:17,130,62006,62488,2837,9:11:17,11660,62005,62489,86
299,1397/7/22 9:11:23,388,62206,820,62012,62400,17717,9:11:17,1400,62011,62480,1020,9:11:17,1622,62011,62487,323,9:11:17,130,62006,62488,2837,9:11:17,11660,62005,62489,86
300,1397/7/22 9:11:36,388,62206,820,62012,62400,17700,9:11:17,1400,62011,62480,1020,9:11:17,1622,62011,62487,323,9:11:17,130,62006,62488,2837,9:11:17,11660,62005,62489,86
301,1397/7/22 9:11:50,388,62206,820,62012,62400,17764,9:11:17,1400,62011,62480,1020,9:11:17,1622,62011,62487,323,9:11:17,130,62006,62488,2837,9:11:17,11660,62005,62489,86
302,1397/7/22 9:12:07,200,62300,3196,62200,62400,17764,9:12:07,820,62012,62480,1020,9:12:07,1400,62012,62487,323,9:12:07,1622,62010,62488,2837,9:12:07,130,62006,62489,86
303,1397/7/22 9:12:08,200,62300,3196,62200,62400,17564,9:12:07,820,62012,62480,1020,9:12:07,1400,62012,62487,323,9:12:07,1622,62010,62488,2837,9:12:07,130,62006,62489,86
304,1397/7/22 9:12:08,200,62300,3196,62200,62400,17564,9:12:10,1500,62013,62480,1020,9:12:10,820,62013,62487,323,9:12:10,1400,62011,62488,2837,9:12:10,1622,62010,62489,86
305,1397/7/22 9:12:17,199,62299,3196,62200,62399,2000,9:12:17,1500,62013,62400,17564,9:12:17,820,62013,62480,1020,9:12:17,1400,62011,62487,323,9:12:17,1622,62010,62488,2837
306,1397/7/22 9:12:17,199,62299,3196,62200,62399,2000,9:12:25,1500,62013,62400,18584,9:12:25,820,62013,62487,323,9:12:25,1400,62011,62488,2837,9:12:25,1622,62010,62489,86
307,1397/7/22 9:12:17,199,62299,3196,62200,62399,2000,9:12:25,1500,62013,62400,18584,9:12:25,820,62013,62487,323,9:12:25,1400,62011,62488,2837,9:12:27,622,62010,62489,86
308,1397/7/22 9:12:29,199,62299,3196,62200,62399,2200,9:12:25,1500,62013,62400,18584,9:12:25,820,62013,62487,323,9:12:25,1400,62011,62488,2837,9:12:27,622,62010,62489,86
309,1397/7/22 9:12:40,199,62299,3196,62200,62399,1200,9:12:25,1500,62013,62400,18584,9:12:25,820,62013,62487,323,9:12:25,1400,62011,62488,2837,9:12:27,622,62010,62489,86
310,1397/7/22 9:12:42,194,62297,3196,62200,62394,2650,9:12:42,1500,62013,62399,1200,9:12:42,820,62013,62400,15934,9:12:42,1400,62011,62487,323,9:12:42,622,62010,62488,2837
311,1397/7/22 9:12:42,194,62297,3196,62200,62394,2650,9:12:44,1548,62013,62399,1200,9:12:42,820,62013,62400,15934,9:12:42,1400,62011,62487,323,9:12:42,622,62010,62488,2837
312,1397/7/22 9:12:50,193,62297,1000,62201,62394,2650,9:12:50,3196,62200,62399,1200,9:12:50,1548,62200,62400,15934,9:12:50,820,62012,62487,323,9:12:50,400,62011,62488,2837
313,1397/7/22 9:12:51,194,62297,963,62200,62394,2650,9:12:51,1548,62013,62399,1200,9:12:51,820,62013,62400,15934,9:12:51,400,62011,62487,323,9:12:51,622,62010,62488,2837
314,1397/7/22 9:12:56,194,62297,963,62200,62394,2633,9:12:51,1548,62013,62399,1200,9:12:51,820,62013,62400,15934,9:12:51,400,62011,62487,323,9:12:51,622,62010,62488,2837
315,1397/7/22 9:13:06,180,62290,1963,62200,62380,5000,9:13:06,1548,62013,62394,2633,9:13:06,820,62013,62399,1200,9:13:06,400,62011,62400,15934,9:13:06,622,62010,62487,323
316,1397/7/22 9:13:10,180,62290,1963,62200,62380,4000,9:13:06,1548,62013,62394,2633,9:13:06,820,62013,62399,1200,9:13:06,400,62011,62400,15934,9:13:06,622,62010,62487,323
317,1397/7/22 9:13:18,180,62290,1963,62200,62380,3937,9:13:06,1548,62013,62394,2633,9:13:06,820,62013,62399,1200,9:13:06,400,62011,62400,15934,9:13:06,622,62010,62487,323
318,1397/7/22 9:13:28,180,62290,2963,62200,62380,3937,9:13:06,1548,62013,62394,2633,9:13:06,820,62013,62399,1200,9:13:06,400,62011,62400,15934,9:13:06,622,62010,62487,323
319,1397/7/22 9:13:28,180,62290,2963,62200,62380,3937,9:13:37,130,62015,62394,2633,9:13:37,1548,62015,62399,1200,9:13:37,820,62012,62400,15934,9:13:37,400,62011,62487,323
320,1397/7/22 9:13:41,180,62290,2333,62200,62380,3937,9:13:37,130,62015,62394,2633,9:13:37,1548,62015,62399,1200,9:13:37,820,62012,62400,15934,9:13:37,400,62011,62487,323
321,1397/7/22 9:13:59,180,62290,2974,62200,62380,3937,9:13:37,130,62015,62394,2633,9:13:37,1548,62015,62399,1200,9:13:59,820,62012,62400,15870,9:13:37,400,62011,62487,323
322,1397/7/22 9:14:09,180,62290,2974,62200,62380,3737,9:13:37,130,62015,62394,2633,9:13:37,1548,62015,62399,1200,9:13:59,820,62012,62400,15870,9:13:37,400,62011,62487,323
323,1397/7/22 9:14:17,180,62290,1194,62200,62380,3737,9:13:37,130,62015,62394,2633,9:13:37,1548,62015,62399,1200,9:14:17,820,62012,62400,14090,9:13:37,400,62011,62487,323
324,1397/7/22 9:14:31,180,62290,1172,62200,62380,3737,9:13:37,130,62015,62394,2633,9:13:37,1548,62015,62399,1200,9:14:17,820,62012,62400,14090,9:13:37,400,62011,62487,323
325,1397/7/22 9:14:37,180,62290,1172,62200,62380,3387,9:13:37,130,62015,62394,2633,9:13:37,1548,62015,62399,1200,9:14:17,820,62012,62400,14090,9:14:37,400,62011,62448,18
326,1397/7/22 9:14:37,180,62290,1172,62200,62380,3387,9:14:46,130,62021,62394,2633,9:13:37,1548,62021,62399,1200,9:14:17,820,62012,62400,14090,9:14:37,400,62011,62448,18
327,1397/7/22 9:14:54,194,62297,1220,62200,62394,2633,9:14:54,130,62021,62399,1200,9:14:54,1500,62021,62400,14090,9:14:54,820,62012,62448,18,9:14:54,400,62011,62487,323
328,1397/7/22 9:15:00,179,62289,1220,62200,62379,1000,9:15:00,130,62021,62394,2633,9:15:00,1500,62021,62399,200,9:15:00,820,62012,62400,14090,9:15:00,400,62011,62448,18
329,1397/7/22 9:15:13,179,62289,1245,62200,62379,1000,9:15:00,130,62021,62394,2633,9:15:00,1500,62021,62399,200,9:15:00,820,62012,62400,14090,9:15:00,400,62011,62448,18
330,1397/7/22 9:15:23,179,62289,1945,62200,62379,1000,9:15:00,130,62021,62394,2633,9:15:00,1500,62021,62399,200,9:15:00,820,62012,62400,14090,9:15:00,400,62011,62448,18
331,1397/7/22 9:15:31,179,62289,2105,62200,62379,1000,9:15:00,130,62021,62394,2633,9:15:00,1500,62021,62399,200,9:15:00,820,62012,62400,14090,9:15:00,400,62011,62448,18
332,1397/7/22 9:15:32,179,62289,2105,62200,62379,2000,9:15:00,130,62021,62394,2633,9:15:00,1500,62021,62399,200,9:15:00,820,62012,62400,14090,9:15:00,400,62011,62448,18
333,1397/7/22 9:15:35,15,62386,98000,62379,62394,2633,9:15:35,2105,62200,62399,200,9:15:35,130,62200,62400,14090,9:15:35,1500,62013,62448,18,9:15:35,820,62012,62487,323
334,1397/7/22 9:15:42,5,62396,1367,62394,62399,200,9:15:42,98000,62379,62400,14090,9:15:42,2105,62379,62448,18,9:15:42,130,62021,62487,323,9:15:42,1500,62013,62488,2837
335,1397/7/22 9:15:51,1,62399,4000,62399,62400,4290,9:15:51,1367,62394,62448,18,9:15:51,98000,62394,62487,323,9:15:51,2105,62200,62488,2837,9:15:51,130,62021,62489,86
336,1397/7/22 9:15:55,49,62423,4000,62399,62448,18,9:15:55,1367,62394,62487,323,9:15:55,98000,62394,62488,2837,9:15:55,2105,62200,62489,86,9:15:55,130,62021,62500,2197
337,1397/7/22 9:15:56,48,62424,1367,62400,62448,18,9:15:56,4000,62399,62487,323,9:15:55,98000,62399,62488,2837,9:15:55,2105,62200,62489,86,9:15:55,130,62021,62500,2197
338,1397/7/22 9:15:56,48,62424,1367,62400,62448,18,9:15:56,4000,62399,62487,323,9:15:55,98000,62399,62488,2837,9:15:57,1945,62200,62489,86,9:15:55,130,62021,62500,2197
339,1397/7/22 9:15:56,48,62424,1367,62400,62448,18,9:15:56,4000,62399,62487,323,9:15:55,98000,62399,62488,2837,9:15:57,1945,62200,62489,86,9:16:02,3683,62128,62500,2197
340,1397/7/22 9:16:09,48,62424,1067,62400,62448,18,9:15:56,4000,62399,62487,323,9:15:55,98000,62399,62488,2837,9:15:57,1945,62200,62489,86,9:16:02,3683,62128,62500,2197
341,1397/7/22 9:16:25,48,62424,1227,62400,62448,18,9:15:56,4000,62399,62487,323,9:15:55,98000,62399,62488,2837,9:15:57,1945,62200,62489,86,9:16:02,3683,62128,62500,2197
342,1397/7/22 9:16:29,600,62700,1227,62400,63000,2709,9:16:29,4000,62399,63100,500,9:16:29,98000,62399,63400,600,9:16:29,1945,62200,63494,20,9:16:29,3683,62128,63500,17004
343,1397/7/22 9:16:33,600,62700,1357,62400,63000,2709,9:16:29,4000,62399,63100,500,9:16:29,98000,62399,63400,600,9:16:29,1945,62200,63494,20,9:16:29,3683,62128,63500,17004
344,1397/7/22 9:16:34,600,62700,1857,62400,63000,2709,9:16:29,4000,62399,63100,500,9:16:29,98000,62399,63400,600,9:16:29,1945,62200,63494,20,9:16:29,3683,62128,63500,17004
345,1397/7/22 9:16:34,600,62700,1857,62400,63000,2709,9:16:29,4000,62399,63100,500,9:16:29,98000,62399,63400,600,9:16:43,1414,62200,63494,20,9:16:29,3683,62128,63500,17004
346,1397/7/22 9:16:44,500,62750,10000,62500,63000,2709,9:16:44,1857,62400,63100,500,9:16:44,4000,62400,63400,600,9:16:44,98000,62379,63494,20,9:16:44,1414,62200,63500,17004
347,1397/7/22 9:16:49,300,63250,96791,63100,63400,600,9:16:49,10000,62500,63494,20,9:16:49,1857,62500,63500,17004,9:16:49,4000,62399,63550,190,9:16:49,98000,62379,63600,500
348,1397/7/22 9:16:59,300,63250,96713,63100,63400,600,9:16:49,10000,62500,63494,20,9:16:59,1857,62500,63500,4012,9:16:49,4000,62399,63550,190,9:16:49,98000,62379,63600,500
349,1397/7/22 9:16:59,300,63250,96713,63100,63400,600,9:16:49,10000,62500,63494,20,9:17:00,200,62500,63500,4012,9:17:00,1857,62400,63550,190,9:17:00,4000,62399,63600,500
350,1397/7/22 9:16:59,300,63250,96713,63100,63400,600,9:17:04,500,62501,63494,20,9:17:04,10000,62501,63500,4012,9:17:04,200,62409,63550,190,9:17:04,1857,62400,63600,500
351,1397/7/22 9:16:59,300,63250,96713,63100,63400,600,9:17:05,100,63000,63494,20,9:17:05,500,63000,63500,4012,9:17:05,10000,62500,63550,190,9:17:05,200,62409,63600,500
352,1397/7/22 9:17:10,300,63250,96713,63100,63400,280,9:17:05,100,63000,63494,20,9:17:05,500,63000,63500,4012,9:17:05,10000,62500,63550,190,9:17:05,200,62409,63600,500
353,1397/7/22 9:17:12,300,63250,96713,63100,63400,72,9:17:05,100,63000,63494,20,9:17:05,500,63000,63500,4012,9:17:05,10000,62500,63550,190,9:17:05,200,62409,63600,500
354,1397/7/22 9:17:12,300,63250,96713,63100,63400,72,9:17:05,100,63000,63494,20,9:17:18,2500,63000,63500,4012,9:17:05,10000,62500,63550,190,9:17:05,200,62409,63600,500
355,1397/7/22 9:17:12,300,63250,96713,63100,63400,72,9:17:05,100,63000,63494,20,9:17:19,2500,63000,63500,3852,9:17:05,10000,62500,63550,190,9:17:05,200,62409,63600,500
356,1397/7/22 9:17:21,100,63650,93366,63600,63700,12992,9:17:21,96713,63100,63800,5000,9:17:21,100,63100,63850,5000,9:17:21,2500,62501,63900,10000,9:17:21,10000,62500,63920,5000
357,1397/7/22 9:17:35,30,63935,45374,63920,63950,10000,9:17:35,674,63600,63989,253,9:17:35,96713,63600,63990,5000,9:17:35,100,63000,63999,500,9:17:35,2500,62501,64000,17094
358,1397/7/22 9:17:35,30,63935,45374,63920,63950,10000,9:17:37,2500,63700,63989,253,9:17:37,674,63700,63990,5000,9:17:37,96713,63100,63999,500,9:17:37,100,63000,64000,17094
359,1397/7/22 9:17:35,30,63935,45374,63920,63950,10000,9:17:39,6500,63700,63989,253,9:17:37,674,63700,63990,5000,9:17:37,96713,63100,63999,500,9:17:37,100,63000,64000,17094
360,1397/7/22 9:17:42,30,63935,45124,63920,63950,10000,9:17:39,6500,63700,63989,253,9:17:37,674,63700,63990,5000,9:17:37,96713,63100,63999,500,9:17:37,100,63000,64000,17094
361,1397/7/22 9:17:48,30,63935,45124,63920,63950,6100,9:17:48,4000,63700,63989,253,9:17:37,674,63700,63990,5000,9:17:37,96713,63100,63999,500,9:17:48,100,63000,64000,16934
362,1397/7/22 9:17:52,50,63975,10760,63950,64000,3663,9:17:52,4000,63700,64050,5000,9:17:52,674,63700,64100,5000,9:17:52,96713,63100,64200,5160,9:17:52,100,63000,64320,78
363,1397/7/22 9:18:00,50,64025,337,64000,64050,5000,9:18:00,10760,63950,64100,5000,9:18:00,674,63950,64200,5160,9:18:00,96713,63100,64320,78,9:18:00,100,63000,64400,57
364,1397/7/22 9:18:03,50,64025,1097,64000,64050,5000,9:18:03,10000,63950,64100,5000,9:18:00,674,63950,64200,5160,9:18:00,96713,63100,64320,78,9:18:00,100,63000,64400,57
365,1397/7/22 9:18:09,50,63975,10000,63950,64000,403,9:18:09,674,63600,64050,2433,9:18:09,96713,63600,64100,5000,9:18:09,100,63000,64200,5160,9:18:09,10863,62500,64320,78
366,1397/7/22 9:18:12,50,64025,267,64000,64050,2433,9:18:12,96713,63100,64100,5000,9:18:12,100,63100,64200,5160,9:18:12,10863,62500,64320,78,9:18:12,200,62409,64400,57
367,1397/7/22 9:18:13,50,64025,267,64000,64050,3433,9:18:12,96713,63100,64100,5000,9:18:12,100,63100,64200,5160,9:18:12,10863,62500,64320,78,9:18:12,200,62409,64400,57
368,1397/7/22 9:18:15,50,64025,267,64000,64050,433,9:18:12,96713,63100,64100,5000,9:18:12,100,63100,64200,5160,9:18:12,10863,62500,64320,78,9:18:12,200,62409,64400,57
369,1397/7/22 9:18:20,50,64025,17,64000,64050,433,9:18:12,96713,63100,64100,5000,9:18:12,100,63100,64200,5160,9:18:12,10863,62500,64320,78,9:18:12,200,62409,64400,57
370,1397/7/22 9:18:21,50,64075,1067,64050,64100,5000,9:18:21,17,64000,64200,5160,9:18:21,96713,64000,64320,78,9:18:21,100,63000,64400,57,9:18:21,10863,62500,64483,1000
371,1397/7/22 9:18:22,50,64075,1237,64050,64100,5000,9:18:21,17,64000,64200,5160,9:18:21,96713,64000,64320,78,9:18:21,100,63000,64400,57,9:18:21,10863,62500,64483,1000
372,1397/7/22 9:18:24,50,64075,1687,64050,64100,5000,9:18:21,17,64000,64200,5160,9:18:21,96713,64000,64320,78,9:18:21,100,63000,64400,57,9:18:21,10863,62500,64483,1000
373,1397/7/22 9:18:25,50,64075,687,64050,64100,5000,9:18:25,172,64000,64200,5160,9:18:21,96713,64000,64320,78,9:18:21,100,63000,64400,57,9:18:21,10863,62500,64483,1000
374,1397/7/22 9:18:34,50,64075,637,64050,64100,4359,9:18:25,172,64000,64200,5160,9:18:21,96713,64000,64320,78,9:18:21,100,63000,64400,57,9:18:21,10863,62500,64483,1000
375,1397/7/22 9:18:34,50,64075,637,64050,64100,4359,9:18:25,172,64000,64200,5160,9:18:21,96713,64000,64320,78,9:18:36,10863,62500,64400,57,9:18:36,200,62409,64483,1000
376,1397/7/22 9:18:39,50,64075,1229,64050,64100,4359,9:18:25,172,64000,64200,5160,9:18:21,96713,64000,64320,78,9:18:39,863,62500,64400,57,9:18:36,200,62409,64483,1000
377,1397/7/22 9:18:40,50,64075,270,64050,64100,4359,9:18:25,172,64000,64200,5160,9:18:21,96713,64000,64320,78,9:18:39,863,62500,64400,57,9:18:36,200,62409,64483,1000
378,1397/7/22 9:18:44,50,64075,287,64050,64100,4359,9:18:44,155,64000,64200,5160,9:18:21,96713,64000,64320,78,9:18:39,863,62500,64400,57,9:18:36,200,62409,64483,1000
379,1397/7/22 9:18:55,100,64150,15641,64100,64200,5160,9:18:55,287,64050,64320,78,9:18:55,155,64050,64400,57,9:18:55,96713,63100,64483,1000,9:18:55,863,62500,64490,15000
380,1397/7/22 9:19:02,100,64150,5641,64100,64200,5160,9:18:55,287,64050,64320,78,9:18:55,155,64050,64400,57,9:18:55,96713,63100,64483,1000,9:18:55,863,62500,64490,15000
381,1397/7/22 9:19:03,100,64150,5641,64100,64200,15160,9:18:55,287,64050,64320,78,9:18:55,155,64050,64400,57,9:18:55,96713,63100,64483,1000,9:18:55,863,62500,64490,15000
382,1397/7/22 9:19:03,100,64150,5641,64100,64200,15160,9:18:55,287,64050,64320,78,9:18:55,155,64050,64400,57,9:18:55,96713,63100,64483,1000,9:19:06,4000,62501,64490,15000
383,1397/7/22 9:19:03,100,64150,5641,64100,64200,15160,9:19:12,305,64050,64320,78,9:18:55,155,64050,64400,57,9:18:55,96713,63100,64483,1000,9:19:06,4000,62501,64490,15000
384,1397/7/22 9:19:24,100,64150,5641,64100,64200,13560,9:19:24,305,64050,64319,755,9:19:24,155,64050,64320,78,9:19:24,96713,63100,64400,57,9:19:24,4000,62501,64483,1000
385,1397/7/22 9:19:25,100,64150,5641,64100,64200,13580,9:19:25,305,64050,64205,2470,9:19:25,155,64050,64319,755,9:19:25,96713,63100,64320,78,9:19:25,4000,62501,64400,57
386,1397/7/22 9:19:27,100,64150,5671,64100,64200,13580,9:19:25,305,64050,64205,2470,9:19:25,155,64050,64319,755,9:19:25,96713,63100,64320,78,9:19:25,4000,62501,64400,57
387,1397/7/22 9:19:28,100,64150,5199,64100,64200,13580,9:19:25,305,64050,64205,2470,9:19:25,155,64050,64319,755,9:19:25,96713,63100,64320,78,9:19:25,4000,62501,64400,57
388,1397/7/22 9:19:29,100,64150,5199,64100,64200,12803,9:19:25,305,64050,64205,2470,9:19:25,155,64050,64319,755,9:19:25,96713,63100,64320,78,9:19:25,4000,62501,64400,57
389,1397/7/22 9:19:34,100,64150,5199,64100,64200,12703,9:19:25,305,64050,64205,2470,9:19:25,155,64050,64319,755,9:19:25,96713,63100,64320,78,9:19:25,4000,62501,64400,57
390,1397/7/22 9:19:35,100,64150,30,64100,64200,7534,9:19:25,305,64050,64205,2470,9:19:25,155,64050,64319,755,9:19:25,96713,63100,64320,78,9:19:25,4000,62501,64400,57
391,1397/7/22 9:19:36,105,64152,30,64100,64205,4,9:19:36,305,64050,64319,755,9:19:36,155,64050,64320,78,9:19:36,96713,63100,64400,57,9:19:36,4000,62501,64483,1000
392,1397/7/22 9:19:47,114,64262,26,64205,64319,755,9:19:47,305,64050,64320,78,9:19:47,155,64050,64400,57,9:19:47,96713,63100,64483,1000,9:19:47,4000,62501,64490,15180
393,1397/7/22 9:19:50,150,64125,305,64050,64200,974,9:19:50,155,64000,64319,755,9:19:50,96713,64000,64320,78,9:19:50,4000,62501,64400,57,9:19:50,200,62409,64483,1000
394,1397/7/22 9:19:56,440,64270,305,64050,64490,10544,9:19:56,155,64000,64500,33157,9:19:56,96713,64000,64590,3500,9:19:56,4000,62501,64592,4000,9:19:56,200,62409,64598,80
395,1397/7/22 9:19:57,290,64345,17,64200,64490,10544,9:19:57,288,64050,64500,33157,9:19:57,155,64050,64590,3500,9:19:57,96713,63100,64592,4000,9:19:57,4000,62501,64598,80
396,1397/7/22 9:19:58,7,64486,96713,64483,64490,10544,9:19:58,667,64200,64500,33157,9:19:58,288,64200,64590,3500,9:19:58,155,64000,64592,4000,9:19:57,4000,62501,64598,80
397,1397/7/22 9:19:58,7,64486,96713,64483,64490,10544,9:19:59,867,64200,64500,33157,9:19:58,288,64200,64590,3500,9:19:58,155,64000,64592,4000,9:19:57,4000,62501,64598,80
398,1397/7/22 9:20:06,7,64486,96713,64483,64490,10544,9:20:06,867,64200,64500,33157,9:20:06,288,64200,64590,3500,9:20:06,155,64000,64592,4000,9:20:06,4000,62501,64598,80
399,1397/7/22 9:20:10,7,64486,76713,64483,64490,10544,9:20:06,867,64200,64500,33157,9:20:06,288,64200,64590,3500,9:20:06,155,64000,64592,4000,9:20:06,4000,62501,64598,80
400,1397/7/22 9:20:10,7,64486,76713,64483,64490,10544,9:20:06,867,64200,64500,33157,9:20:12,288,64200,64580,200,9:20:12,155,64000,64590,3500,9:20:12,4000,62501,64592,4000
401,1397/7/22 9:20:13,7,64486,76713,64483,64490,180,9:20:13,850,64200,64500,33157,9:20:12,288,64200,64580,200,9:20:12,155,64000,64590,3500,9:20:12,4000,62501,64592,4000
402,1397/7/22 9:20:14,17,64491,76713,64483,64500,33137,9:20:14,650,64200,64580,200,9:20:14,288,64200,64590,3500,9:20:14,155,64000,64592,4000,9:20:14,4000,62501,64598,80
403,1397/7/22 9:20:19,6,64595,21376,64592,64598,80,9:20:19,650,64200,64599,17000,9:20:19,288,64200,64600,14937,9:20:19,155,64000,64609,500,9:20:19,4000,62501,64610,166
404,1397/7/22 9:20:21,6,64595,18876,64592,64598,80,9:20:19,650,64200,64599,17000,9:20:19,288,64200,64600,14937,9:20:19,155,64000,64609,500,9:20:19,4000,62501,64610,166
405,1397/7/22 9:20:21,6,64595,18876,64592,64598,80,9:20:19,650,64200,64599,17000,9:20:22,288,64200,64600,15937,9:20:19,155,64000,64609,500,9:20:19,4000,62501,64610,166
406,1397/7/22 9:20:26,6,64595,18376,64592,64598,80,9:20:19,650,64200,64599,17000,9:20:22,288,64200,64600,15937,9:20:19,155,64000,64609,500,9:20:19,4000,62501,64610,166
407,1397/7/22 9:20:26,6,64595,18376,64592,64598,80,9:20:19,650,64200,64599,17000,9:20:29,288,64200,64600,16017,9:20:19,155,64000,64609,500,9:20:19,4000,62501,64610,166
408,1397/7/22 9:20:30,399,64399,650,64200,64599,15204,9:20:30,288,64050,64600,16017,9:20:30,155,64050,64609,500,9:20:30,4000,62501,64610,166,9:20:30,200,62409,64612,4481
409,1397/7/22 9:20:37,392,64396,650,64200,64592,778,9:20:37,288,64050,64599,15204,9:20:37,155,64050,64600,16017,9:20:37,4000,62501,64609,500,9:20:37,200,62409,64610,166
410,1397/7/22 9:20:38,399,64399,650,64200,64599,13982,9:20:38,288,64050,64600,16017,9:20:38,155,64050,64609,500,9:20:38,4000,62501,64610,166,9:20:38,200,62409,64612,4481
411,1397/7/22 9:20:39,283,64341,650,64200,64483,600,9:20:39,288,64050,64599,14482,9:20:39,155,64050,64600,16017,9:20:39,4000,62501,64609,500,9:20:39,200,62409,64610,166
412,1397/7/22 9:20:39,283,64341,650,64200,64483,600,9:20:40,288,64050,64590,10000,9:20:40,155,64050,64599,14482,9:20:40,4000,62501,64600,16017,9:20:40,200,62409,64609,500
413,1397/7/22 9:20:42,283,64341,650,64200,64483,300,9:20:40,288,64050,64590,10000,9:20:40,155,64050,64599,14482,9:20:40,4000,62501,64600,16017,9:20:40,200,62409,64609,500
414,1397/7/22 9:20:43,283,64341,261,64200,64483,300,9:20:40,288,64050,64590,10000,9:20:40,155,64050,64599,14482,9:20:40,4000,62501,64600,16017,9:20:40,200,62409,64609,500
415,1397/7/22 9:20:43,283,64341,261,64200,64483,300,9:20:45,288,64050,64580,538,9:20:45,155,64050,64590,10000,9:20:45,4000,62501,64599,14482,9:20:45,200,62409,64600,20017
416,1397/7/22 9:20:43,283,64341,261,64200,64483,300,9:20:45,288,64050,64580,538,9:20:46,155,64050,64589,1500,9:20:46,4000,62501,64590,10000,9:20:46,200,62409,64599,14482
417,1397/7/22 9:20:48,283,64341,165,64200,64483,300,9:20:45,288,64050,64580,538,9:20:46,155,64050,64589,1500,9:20:46,4000,62501,64590,10000,9:20:46,200,62409,64599,14482
418,1397/7/22 9:20:49,389,64394,165,64200,64589,338,9:20:49,288,64050,64590,10000,9:20:49,155,64050,64599,14482,9:20:49,4000,62501,64600,20017,9:20:49,200,62409,64609,500
419,1397/7/22 9:21:00,289,64444,1954,64300,64589,338,9:21:00,165,64200,64590,10000,9:21:00,288,64200,64599,14482,9:21:00,155,64000,64600,20017,9:21:00,4000,62501,64609,500
420,1397/7/22 9:21:03,289,64444,1954,64300,64589,1338,9:21:03,165,64200,64590,12439,9:21:03,288,64200,64599,24482,9:21:03,155,64000,64600,19017,9:21:00,4000,62501,64609,500
421,1397/7/22 9:21:06,289,64444,1954,64300,64589,1318,9:21:03,165,64200,64590,12439,9:21:03,288,64200,64599,24482,9:21:03,155,64000,64600,19017,9:21:00,4000,62501,64609,500
422,1397/7/22 9:21:06,289,64444,1954,64300,64589,1318,9:21:03,165,64200,64590,12439,9:21:08,288,64200,64599,25482,9:21:03,155,64000,64600,19017,9:21:00,4000,62501,64609,500
423,1397/7/22 9:21:09,288,64445,2000,64301,64589,1318,9:21:09,1954,64300,64590,12439,9:21:09,165,64300,64599,25482,9:21:09,288,64050,64600,19017,9:21:09,155,64000,64609,500
424,1397/7/22 9:21:11,288,64445,2000,64301,64589,2241,9:21:09,1954,64300,64590,12439,9:21:09,165,64300,64599,25482,9:21:09,288,64050,64600,19017,9:21:09,155,64000,64609,500
425,1397/7/22 9:21:12,199,64400,2000,64301,64500,1000,9:21:12,1954,64300,64589,2241,9:21:12,288,64300,64590,12439,9:21:12,155,64000,64599,25482,9:21:12,4000,62501,64600,19017
426,1397/7/22 9:21:15,199,64400,4000,64301,64500,1000,9:21:12,1954,64300,64589,2241,9:21:12,288,64300,64590,12439,9:21:12,155,64000,64599,25482,9:21:12,4000,62501,64600,19017
427,1397/7/22 9:21:15,199,64400,4000,64301,64500,1000,9:21:16,1954,64300,64589,2741,9:21:12,288,64300,64590,12439,9:21:12,155,64000,64599,25482,9:21:12,4000,62501,64600,19017
428,1397/7/22 9:21:15,199,64400,4000,64301,64500,1000,9:21:16,1954,64300,64589,2741,9:21:12,288,64300,64590,12439,9:21:12,155,64000,64599,25482,9:21:18,200,62409,64600,19097
429,1397/7/22 9:21:21,199,64400,3000,64301,64500,1000,9:21:16,1954,64300,64589,2741,9:21:12,288,64300,64590,12439,9:21:12,155,64000,64599,25482,9:21:18,200,62409,64600,19097
430,1397/7/22 9:21:24,198,64401,1954,64302,64500,980,9:21:24,3000,64301,64589,2741,9:21:12,288,64301,64590,12439,9:21:12,155,64000,64599,25482,9:21:18,200,62409,64600,19097
431,1397/7/22 9:21:25,198,64401,1954,64302,64500,1322,9:21:24,3000,64301,64589,2741,9:21:25,3285,64301,64590,12439,9:21:25,288,64050,64599,25482,9:21:25,155,64000,64600,19097
432,1397/7/22 9:21:26,197,64400,1954,64302,64499,1500,9:21:26,3000,64301,64500,1322,9:21:26,3285,64301,64589,2741,9:21:26,288,64050,64590,12439,9:21:26,155,64000,64599,25482
433,1397/7/22 9:21:26,197,64400,1954,64302,64499,1500,9:21:26,3000,64301,64500,1322,9:21:28,288,64301,64589,2741,9:21:28,155,64000,64590,12439,9:21:28,200,62409,64598,1000
434,1397/7/22 9:21:26,197,64400,1954,64302,64499,1500,9:21:29,3000,64301,64500,12322,9:21:28,288,64301,64589,2741,9:21:28,155,64000,64590,12439,9:21:28,200,62409,64598,1000
435,1397/7/22 9:21:26,197,64400,1954,64302,64499,1500,9:21:29,3000,64301,64500,12322,9:21:30,288,64301,64580,2850,9:21:30,155,64000,64589,2741,9:21:30,200,62409,64590,12439
436,1397/7/22 9:21:32,197,64400,1906,64302,64499,1500,9:21:29,3000,64301,64500,12322,9:21:30,288,64301,64580,2850,9:21:30,155,64000,64589,2741,9:21:30,200,62409,64590,12439
437,1397/7/22 9:21:32,197,64400,1906,64302,64499,1500,9:21:29,3000,64301,64500,12322,9:21:30,288,64301,64580,2850,9:21:30,155,64000,64589,2741,9:21:33,1000,63613,64590,12439
438,1397/7/22 9:21:32,197,64400,1906,64302,64499,1500,9:21:37,3000,64301,64500,22322,9:21:30,288,64301,64580,2850,9:21:30,155,64000,64589,2741,9:21:33,1000,63613,64590,12439
439,1397/7/22 9:21:32,197,64400,1906,64302,64499,1500,9:21:37,3000,64301,64500,22322,9:21:30,288,64301,64580,2850,9:21:38,155,64000,64589,3041,9:21:33,1000,63613,64590,12439
440,1397/7/22 9:21:39,181,64392,1906,64302,64483,157,9:21:39,3000,64301,64499,1500,9:21:39,288,64301,64500,22322,9:21:39,155,64000,64580,2850,9:21:39,1000,63613,64589,3741
441,1397/7/22 9:21:43,181,64392,906,64302,64483,157,9:21:39,3000,64301,64499,1500,9:21:39,288,64301,64500,22322,9:21:39,155,64000,64580,2850,9:21:43,1000,63613,64589,2741
442,1397/7/22 9:21:43,181,64392,906,64302,64483,157,9:21:44,3000,64301,64498,3000,9:21:44,288,64301,64499,1500,9:21:44,155,64000,64500,22322,9:21:44,1000,63613,64580,2850
443,1397/7/22 9:21:43,181,64392,906,64302,64483,157,9:21:44,3000,64301,64498,3000,9:21:44,288,64301,64499,1500,9:21:45,155,64000,64500,22784,9:21:45,1000,63613,64580,3737
444,1397/7/22 9:21:47,181,64392,1060,64302,64483,157,9:21:44,3000,64301,64498,3000,9:21:44,288,64301,64499,1500,9:21:45,155,64000,64500,22784,9:21:45,1000,63613,64580,3737
445,1397/7/22 9:21:49,181,64392,934,64302,64483,157,9:21:44,3000,64301,64498,3000,9:21:44,288,64301,64499,1500,9:21:45,155,64000,64500,22784,9:21:45,1000,63613,64580,3737
446,1397/7/22 9:21:52,181,64391,499,64301,64482,342,9:21:52,288,64050,64483,157,9:21:52,155,64050,64498,3000,9:21:52,1000,63613,64499,1500,9:21:52,200,62409,64500,22442
447,1397/7/22 9:21:54,1,64301,499,64301,64302,500,9:21:54,288,64050,64482,342,9:21:54,155,64050,64483,157,9:21:54,1000,63613,64498,3000,9:21:54,200,62409,64499,1500
448,1397/7/22 9:21:55,251,64175,288,64050,64301,501,9:21:55,155,64000,64302,500,9:21:55,1000,64000,64482,342,9:21:55,200,62409,64483,157,9:21:55,1999,62400,64498,3000
449,1397/7/22 9:21:55,251,64175,288,64050,64301,501,9:21:55,155,64000,64302,500,9:21:58,1000,64000,64400,20000,9:21:58,200,62409,64482,342,9:21:58,1999,62400,64483,157
450,1397/7/22 9:22:00,250,64175,288,64050,64300,3285,9:22:00,155,64000,64301,501,9:22:00,1000,64000,64302,500,9:22:00,200,62409,64400,20000,9:22:00,1999,62400,64482,342
451,1397/7/22 9:22:02,50,64025,155,64000,64050,49712,9:22:02,1000,63613,64300,3285,9:22:02,200,63613,64301,501,9:22:02,1999,62400,64302,500,9:22:02,4000,62302,64400,20000
452,1397/7/22 9:22:03,50,64025,155,64000,64050,72472,9:22:02,1000,63613,64300,3285,9:22:02,200,63613,64301,501,9:22:02,1999,62400,64302,500,9:22:02,4000,62302,64400,20000
453,1397/7/22 9:22:03,50,64025,155,64000,64050,72472,9:22:09,1000,63613,64299,318,9:22:09,200,63613,64300,3285,9:22:09,1999,62400,64301,501,9:22:09,4000,62302,64302,500
454,1397/7/22 9:22:12,387,63806,1000,63613,64000,2845,9:22:12,200,62409,64050,72472,9:22:12,1999,62409,64299,318,9:22:12,25,62200,64300,3285,9:22:12,400,62011,64301,501
455,1397/7/22 9:22:12,387,63806,1000,63613,64000,2845,9:22:18,1500,63000,64050,72934,9:22:18,200,63000,64299,318,9:22:18,1999,62400,64300,3285,9:22:18,25,62200,64301,501
456,1397/7/22 9:22:22,350,63788,1000,63613,63963,3285,9:22:22,1500,63000,64000,2845,9:22:22,200,63000,64050,72934,9:22:22,1999,62400,64299,318,9:22:18,25,62200,64301,501
457,1397/7/22 9:22:24,613,63306,1500,63000,63613,71472,9:22:24,200,62409,63963,3285,9:22:24,1999,62409,64000,2845,9:22:24,25,62200,64050,462,9:22:24,400,62011,64299,318
458,1397/7/22 9:22:24,613,63306,1500,63000,63613,71472,9:22:24,200,62409,63963,3285,9:22:26,1999,62409,64000,3187,9:22:24,25,62200,64050,462,9:22:24,400,62011,64299,318
459,1397/7/22 9:22:24,613,63306,1500,63000,63613,71472,9:22:24,200,62409,63963,3285,9:22:30,1999,62409,64000,4187,9:22:24,25,62200,64050,462,9:22:24,400,62011,64299,318
460,1397/7/22 9:22:34,613,63306,975,63000,63613,71472,9:22:24,200,62409,63963,3285,9:22:30,1999,62409,64000,4187,9:22:24,25,62200,64050,462,9:22:24,400,62011,64299,318
461,1397/7/22 9:22:36,1213,63006,1674,62400,63613,71472,9:22:36,25,62200,63963,3285,9:22:36,400,62200,64000,4187,9:22:36,1320,62010,64050,462,9:22:36,150,62005,64299,318
462,1397/7/22 9:22:38,1213,63006,1674,62400,63613,69472,9:22:36,25,62200,63963,3285,9:22:36,400,62200,64000,4187,9:22:36,1320,62010,64050,462,9:22:36,150,62005,64299,318
463,1397/7/22 9:22:39,600,62700,1674,62400,63000,29472,9:22:36,25,62200,63963,3285,9:22:36,400,62200,64000,4187,9:22:36,1320,62010,64050,462,9:22:36,150,62005,64299,318
464,1397/7/22 9:22:39,600,62700,1674,62400,63000,29472,9:22:36,25,62200,63963,3285,9:22:48,400,62200,63999,318,9:22:48,1320,62010,64000,4187,9:22:48,150,62005,64050,462
465,1397/7/22 9:22:57,600,62700,1674,62400,63000,30022,9:22:36,25,62200,63963,3285,9:22:48,400,62200,63999,318,9:22:48,1320,62010,64000,4187,9:22:48,150,62005,64050,462
466,1397/7/22 9:22:58,599,62699,1674,62400,62999,30000,9:22:58,25,62200,63000,30022,9:22:58,400,62200,63963,3285,9:22:58,1320,62010,63999,318,9:22:58,150,62005,64000,4187
467,1397/7/22 9:23:05,599,62699,1674,62400,62999,26778,9:22:58,25,62200,63000,30022,9:22:58,400,62200,63963,3285,9:22:58,1320,62010,63999,318,9:22:58,150,62005,64000,4187
468,1397/7/22 9:23:05,599,62699,1674,62400,62999,26778,9:23:06,44,62200,63000,30022,9:22:58,400,62200,63963,3285,9:22:58,1320,62010,63999,318,9:22:58,150,62005,64000,4187
469,1397/7/22 9:23:05,599,62699,1674,62400,62999,26778,9:23:07,44,62200,63000,30222,9:22:58,400,62200,63963,3285,9:22:58,1320,62010,63999,318,9:22:58,150,62005,64000,4187
470,1397/7/22 9:23:05,599,62699,1674,62400,62999,26778,9:23:07,44,62200,63000,30222,9:23:15,200,62200,63963,3285,9:22:58,1320,62010,63999,318,9:23:15,15421,62001,64000,4227
471,1397/7/22 9:23:05,599,62699,1674,62400,62999,26778,9:23:07,44,62200,63000,30222,9:23:33,13000,62200,63963,3285,9:23:33,200,62011,63999,318,9:23:33,1320,62010,64000,4227
472,1397/7/22 9:23:43,599,62699,1992,62400,62999,26778,9:23:07,44,62200,63000,30222,9:23:33,13000,62200,63963,3285,9:23:33,200,62011,63999,318,9:23:33,1320,62010,64000,4227
473,1397/7/22 9:23:45,399,62799,610,62600,62999,26778,9:23:45,1992,62400,63000,30222,9:23:45,44,62400,63963,3285,9:23:45,13000,62012,63999,318,9:23:45,200,62011,64000,4227
474,1397/7/22 9:23:45,399,62799,610,62600,62999,26778,9:23:47,500,62500,63000,30222,9:23:47,1992,62500,63963,3285,9:23:47,44,62200,63999,318,9:23:47,1000,62013,64000,4227
475,1397/7/22 9:23:45,399,62799,610,62600,62999,26778,9:23:47,500,62500,63000,30222,9:23:50,1592,62500,63963,3285,9:23:50,1992,62400,63999,318,9:23:50,44,62200,64000,4227
476,1397/7/22 9:23:54,398,62799,610,62600,62998,318,9:23:54,500,62500,62999,26778,9:23:54,1592,62500,63000,30222,9:23:54,1992,62400,63963,3285,9:23:50,44,62200,64000,4227
477,1397/7/22 9:23:54,398,62799,610,62600,62998,318,9:23:54,500,62500,62999,26778,9:23:54,1592,62500,63000,30222,9:23:54,1992,62400,63963,3285,9:23:55,44,62200,64000,4386
478,1397/7/22 9:23:54,398,62799,610,62600,62998,318,9:23:54,500,62500,62999,26778,9:23:54,1592,62500,63000,30222,9:23:54,1992,62400,63963,3285,9:23:56,44,62200,64000,4416
479,1397/7/22 9:24:01,398,62799,109,62600,62998,318,9:23:54,500,62500,62999,26778,9:23:54,1592,62500,63000,30222,9:23:54,1992,62400,63963,3285,9:23:56,44,62200,64000,4416
480,1397/7/22 9:24:07,397,62799,2067,62601,62998,318,9:24:07,109,62600,62999,26778,9:24:07,500,62600,63000,30222,9:24:07,1592,62410,63963,3285,9:24:07,1992,62400,64000,4416
481,1397/7/22 9:24:15,397,62799,3659,62601,62998,318,9:24:07,109,62600,62999,26778,9:24:07,500,62600,63000,30222,9:24:15,1992,62400,63963,3285,9:24:15,44,62200,64000,4416
482,1397/7/22 9:24:15,397,62799,3659,62601,62998,318,9:24:07,109,62600,62999,26778,9:24:07,500,62600,63000,30222,9:24:20,250,62410,63963,3285,9:24:20,1992,62400,64000,4416
483,1397/7/22 9:24:15,397,62799,3659,62601,62998,318,9:24:07,109,62600,62999,26778,9:24:07,500,62600,63000,30222,9:24:20,250,62410,63963,3285,9:24:29,1992,62400,64000,5706
484,1397/7/22 9:24:30,398,62800,3659,62601,62999,7096,9:24:30,109,62600,63000,30222,9:24:30,500,62600,63963,3285,9:24:30,250,62410,64000,5706,9:24:30,1992,62400,64050,462
485,1397/7/22 9:24:33,398,62800,3659,62601,62999,27616,9:24:30,109,62600,63000,30222,9:24:30,500,62600,63963,3285,9:24:30,250,62410,64000,5706,9:24:30,1992,62400,64050,462
486,1397/7/22 9:24:36,398,62800,11659,62601,62999,27616,9:24:30,109,62600,63000,30222,9:24:30,500,62600,63963,3285,9:24:30,250,62410,64000,5706,9:24:30,1992,62400,64050,462
487,1397/7/22 9:24:40,389,62804,109,62610,62999,25996,9:24:40,10000,62602,63000,30222,9:24:40,11659,62602,63963,3285,9:24:40,500,62500,64000,5706,9:24:40,250,62410,64050,462
488,1397/7/22 9:24:40,389,62804,109,62610,62999,25996,9:24:40,10000,62602,63000,30222,9:24:40,11659,62602,63963,3285,9:24:42,750,62500,64000,5706,9:24:42,1992,62400,64050,462
489,1397/7/22 9:24:49,387,62805,10000,62612,62999,25996,9:24:49,109,62610,63000,30222,9:24:40,11659,62610,63963,3285,9:24:42,750,62500,64000,5706,9:24:42,1992,62400,64050,462
490,1397/7/22 9:24:58,384,62807,5700,62615,62999,25746,9:24:58,10000,62612,63000,30222,9:24:58,109,62612,63963,3285,9:24:58,11659,62601,64000,5706,9:24:58,750,62500,64050,462
491,1397/7/22 9:24:58,384,62807,5700,62615,62999,25746,9:24:59,18000,62612,63000,30222,9:24:58,109,62612,63963,3285,9:24:59,3659,62601,64000,5706,9:24:58,750,62500,64050,462
492,1397/7/22 9:25:12,384,62807,5700,62615,62999,25637,9:24:59,18000,62612,63000,30222,9:25:12,3659,62612,63963,3285,9:25:12,750,62500,64000,5706,9:25:12,1992,62400,64050,462
493,1397/7/22 9:25:15,384,62807,5700,62615,62999,25137,9:24:59,18000,62612,63000,30222,9:25:12,3659,62612,63963,3285,9:25:15,250,62500,64000,5706,9:25:12,1992,62400,64050,462
494,1397/7/22 9:25:17,199,62899,1000,62800,62999,25137,9:25:17,5700,62615,63000,30222,9:25:17,18000,62615,63963,3285,9:25:17,3659,62601,64000,5706,9:25:17,250,62500,64050,462
495,1397/7/22 9:25:24,199,62899,1000,62800,62999,17137,9:25:17,5700,62615,63000,30222,9:25:24,10000,62615,63963,3285,9:25:17,3659,62601,64000,5706,9:25:17,250,62500,64050,462
496,1397/7/22 9:25:25,199,62899,1000,62800,62999,18332,9:25:17,5700,62615,63000,30222,9:25:24,10000,62615,63963,3285,9:25:17,3659,62601,64000,5706,9:25:17,250,62500,64050,462
497,1397/7/22 9:25:25,199,62899,1000,62800,62999,18332,9:25:17,5700,62615,63000,30222,9:25:24,10000,62615,63963,3285,9:25:28,2067,62601,64000,5706,9:25:17,250,62500,64050,462
498,1397/7/22 9:25:35,199,62899,1000,62800,62999,17332,9:25:17,5700,62615,63000,30222,9:25:24,10000,62615,63963,3285,9:25:28,2067,62601,64000,5706,9:25:17,250,62500,64050,462
499,1397/7/22 9:25:40,199,62899,1000,62800,62999,16332,9:25:17,5700,62615,63000,30222,9:25:24,10000,62615,63963,3285,9:25:28,2067,62601,64000,5706,9:25:17,250,62500,64050,462
500,1397/7/22 9:25:41,199,62899,1016,62800,62999,16332,9:25:17,5700,62615,63000,30222,9:25:24,10000,62615,63963,3285,9:25:28,2067,62601,64000,5706,9:25:17,250,62500,64050,462
501,1397/7/22 9:25:42,199,62899,1016,62800,62999,11332,9:25:17,5700,62615,63000,30222,9:25:24,10000,62615,63963,3285,9:25:28,2067,62601,64000,5706,9:25:42,1250,62500,64050,462
502,1397/7/22 9:25:46,199,62899,1016,62800,62999,10385,9:25:17,5700,62615,63000,30222,9:25:24,10000,62615,63963,3285,9:25:28,2067,62601,64000,5706,9:25:42,1250,62500,64050,462
503,1397/7/22 9:25:48,199,62899,1016,62800,62999,9911,9:25:17,5700,62615,63000,30222,9:25:24,10000,62615,63963,3285,9:25:28,2067,62601,64000,5706,9:25:42,1250,62500,64050,462
504,1397/7/22 9:25:50,199,62899,1116,62800,62999,9911,9:25:17,5700,62615,63000,30222,9:25:24,10000,62615,63963,3285,9:25:28,2067,62601,64000,5706,9:25:42,1250,62500,64050,462
505,1397/7/22 9:25:50,199,62899,1116,62800,62999,9911,9:25:17,5700,62615,63000,30222,9:25:24,10000,62615,63963,3285,9:25:28,2067,62601,64000,5706,9:25:51,250,62600,64050,462
506,1397/7/22 9:26:02,198,62900,100,62801,62999,9911,9:26:02,1016,62800,63000,30222,9:26:02,5700,62800,63963,3285,9:26:02,10000,62612,64000,5706,9:26:02,2067,62601,64050,462
507,1397/7/22 9:26:04,198,62900,100,62801,62999,9411,9:26:02,1016,62800,63000,30222,9:26:02,5700,62800,63963,3285,9:26:02,10000,62612,64000,5706,9:26:02,2067,62601,64050,462
508,1397/7/22 9:26:04,198,62900,100,62801,62999,9411,9:26:11,1063,62800,63000,30222,9:26:02,5700,62800,63963,3285,9:26:02,10000,62612,64000,5706,9:26:02,2067,62601,64050,462
509,1397/7/22 9:26:04,198,62900,100,62801,62999,9411,9:26:11,1063,62800,63000,30222,9:26:02,5700,62800,63963,3285,9:26:17,250,62613,64000,5706,9:26:17,10000,62612,64050,462
510,1397/7/22 9:26:19,99,62949,5700,62900,62999,9411,9:26:19,100,62801,63000,30222,9:26:19,1063,62801,63963,3285,9:26:17,250,62613,64000,5706,9:26:17,10000,62612,64050,462
511,1397/7/22 9:26:30,99,62949,6700,62900,62999,9411,9:26:30,200,62801,63000,30222,9:26:19,1063,62801,63963,3285,9:26:30,250,62613,63999,10000,9:26:30,10000,62612,64000,5706
512,1397/7/22 9:26:30,99,62949,6700,62900,62999,9411,9:26:30,200,62801,63000,30222,9:26:19,1063,62801,63963,3285,9:26:40,2067,62701,63999,10000,9:26:40,250,62613,64000,5806
513,1397/7/22 9:26:30,99,62949,6700,62900,62999,9411,9:26:30,200,62801,63000,30222,9:26:19,1063,62801,63963,3285,9:26:40,2067,62701,63999,10000,9:26:46,250,62613,64000,5886
514,1397/7/22 9:26:47,99,62949,6700,62900,62999,8911,9:26:30,200,62801,63000,30222,9:26:19,1063,62801,63963,3285,9:26:40,2067,62701,63999,10000,9:26:46,250,62613,64000,5886
515,1397/7/22 9:26:55,99,62949,6900,62900,62999,8911,9:26:30,200,62801,63000,30222,9:26:19,1063,62801,63963,3285,9:26:40,2067,62701,63999,10000,9:26:46,250,62613,64000,5886
516,1397/7/22 9:26:58,98,62949,6900,62900,62998,200,9:26:58,200,62801,62999,1195,9:26:58,1063,62801,63000,30222,9:26:58,2067,62701,63963,3285,9:26:58,250,62613,63999,10000
517,1397/7/22 9:27:03,98,62949,10900,62900,62998,200,9:26:58,200,62801,62999,1195,9:26:58,1063,62801,63000,30222,9:26:58,2067,62701,63963,3285,9:26:58,250,62613,63999,10000
518,1397/7/22 9:27:17,98,62949,10950,62900,62998,200,9:26:58,200,62801,62999,1195,9:26:58,1063,62801,63000,30222,9:26:58,2067,62701,63963,3285,9:26:58,250,62613,63999,10000
519,1397/7/22 9:27:49,97,62949,5000,62901,62998,200,9:27:49,10950,62900,62999,1195,9:27:49,200,62900,63000,30222,9:27:49,1063,62800,63963,3285,9:27:49,2067,62701,63999,10000
520,1397/7/22 9:27:56,97,62949,3800,62901,62998,200,9:27:49,10950,62900,62999,1195,9:27:49,200,62900,63000,30222,9:27:49,1063,62800,63963,3285,9:27:49,2067,62701,63999,10000
521,1397/7/22 9:28:08,48,62974,158,62950,62998,200,9:28:08,3800,62901,62999,1195,9:28:08,10950,62901,63000,30222,9:28:08,200,62801,63963,3285,9:28:08,1063,62800,63999,10000
522,1397/7/22 9:28:11,40,62970,158,62950,62990,382,9:28:11,3800,62901,62998,200,9:28:11,10950,62901,62999,1195,9:28:11,200,62801,63000,30222,9:28:11,1063,62800,63963,3285
523,1397/7/22 9:28:11,40,62970,158,62950,62990,382,9:28:17,3800,62901,62998,3200,9:28:11,10950,62901,62999,1195,9:28:11,200,62801,63000,30222,9:28:11,1063,62800,63963,3285
524,1397/7/22 9:28:11,40,62970,158,62950,62990,382,9:28:17,3800,62901,62998,3200,9:28:21,11200,62901,62999,1195,9:28:11,200,62801,63000,30222,9:28:11,1063,62800,63963,3285
525,1397/7/22 9:28:11,40,62970,158,62950,62990,382,9:28:28,1000,62902,62998,3200,9:28:28,3800,62902,62999,1195,9:28:28,11200,62900,63000,30222,9:28:28,200,62801,63963,3285
526,1397/7/22 9:28:35,8,62994,5318,62990,62998,3200,9:28:35,158,62950,62999,1195,9:28:35,1000,62950,63000,30222,9:28:35,3800,62901,63963,3285,9:28:35,5500,62900,63999,10000
527,1397/7/22 9:28:35,8,62994,5318,62990,62998,3200,9:28:35,158,62950,62999,1195,9:28:35,1000,62950,63000,30222,9:28:35,3800,62901,63963,3285,9:28:37,5505,62900,63999,10000
528,1397/7/22 9:28:35,8,62994,5318,62990,62998,3200,9:28:35,158,62950,62999,1195,9:28:35,1000,62950,63000,30222,9:28:35,3800,62901,63963,3285,9:28:47,5510,62900,63999,10000
529,1397/7/22 9:28:48,48,62974,158,62950,62998,882,9:28:48,1000,62902,62999,1195,9:28:48,3800,62902,63000,30222,9:28:48,5510,62900,63963,3285,9:28:48,200,62801,63999,10000
530,1397/7/22 9:28:49,48,62974,158,62950,62998,812,9:28:48,1000,62902,62999,1195,9:28:48,3800,62902,63000,30222,9:28:48,5510,62900,63963,3285,9:28:48,200,62801,63999,10000
531,1397/7/22 9:28:49,48,62974,158,62950,62998,812,9:28:48,1000,62902,62999,1195,9:28:51,8800,62902,63000,30222,9:28:48,5510,62900,63963,3285,9:28:48,200,62801,63999,10000
532,1397/7/22 9:29:00,48,62974,158,62950,62998,516,9:29:00,1000,62902,62999,1195,9:29:00,8800,62902,63000,30222,9:29:00,5510,62900,63963,3285,9:29:00,200,62801,63999,10000
533,1397/7/22 9:29:05,48,62974,158,62950,62998,316,9:29:00,1000,62902,62999,1195,9:29:00,8800,62902,63000,30222,9:29:05,5310,62900,63963,3285,9:29:00,200,62801,63999,10000
534,1397/7/22 9:29:06,48,62974,158,62950,62998,296,9:29:00,1000,62902,62999,1195,9:29:00,8800,62902,63000,30222,9:29:05,5310,62900,63963,3285,9:29:00,200,62801,63999,10000
535,1397/7/22 9:29:24,1,62999,1309,62999,63000,30222,9:29:24,158,62950,63963,3285,9:29:24,1000,62950,63999,10000,9:29:24,5000,62901,64000,9206,9:29:24,5310,62900,64050,462
536,1397/7/22 9:29:24,1,62999,1309,62999,63000,30222,9:29:25,100,62998,63963,3285,9:29:25,158,62998,63999,10000,9:29:25,1000,62902,64000,9206,9:29:25,5000,62901,64050,462
537,1397/7/22 9:29:26,1,62999,1309,62999,63000,17222,9:29:25,100,62998,63963,3285,9:29:25,158,62998,63999,10000,9:29:25,1000,62902,64000,9206,9:29:25,5000,62901,64050,462
538,1397/7/22 9:29:26,1,62999,1309,62999,63000,17222,9:29:25,100,62998,63963,3285,9:29:25,158,62998,63999,10000,9:29:36,1000,62902,64000,9176,9:29:25,5000,62901,64050,462
539,1397/7/22 9:29:37,2,62999,100,62998,63000,15913,9:29:37,158,62950,63963,3285,9:29:37,1000,62950,63999,10000,9:29:37,5000,62901,64000,9176,9:29:37,5310,62900,64050,462
540,1397/7/22 9:29:41,2,62999,100,62998,63000,15724,9:29:37,158,62950,63963,3285,9:29:37,1000,62950,63999,10000,9:29:37,5000,62901,64000,9176,9:29:37,5310,62900,64050,462
541,1397/7/22 9:29:46,48,62974,158,62950,62998,14874,9:29:46,1000,62902,63000,750,9:29:46,5000,62902,63963,3285,9:29:46,5310,62900,63999,10000,9:29:46,100,62801,64000,9176
542,1397/7/22 9:29:47,48,62974,158,62950,62998,14824,9:29:46,1000,62902,63000,750,9:29:46,5000,62902,63963,3285,9:29:46,5310,62900,63999,10000,9:29:46,100,62801,64000,9176
543,1397/7/22 9:29:49,48,62974,158,62950,62998,14569,9:29:46,1000,62902,63000,750,9:29:46,5000,62902,63963,3285,9:29:49,5066,62900,63999,10000,9:29:46,100,62801,64000,9176
544,1397/7/22 9:29:49,48,62974,158,62950,62998,14569,9:29:46,1000,62902,63000,750,9:29:46,5000,62902,63963,3285,9:29:50,5050,62900,63999,10000,9:29:46,100,62801,64000,9176
545,1397/7/22 9:29:58,48,62974,158,62950,62998,9569,9:29:46,1000,62902,63000,750,9:29:58,5050,62902,63963,3285,9:29:58,100,62801,63999,10000,9:29:58,1063,62800,64000,9176
546,1397/7/22 9:30:06,48,62974,158,62950,62998,4569,9:29:46,1000,62902,63000,750,9:29:58,5050,62902,63963,3285,9:29:58,100,62801,63999,10000,9:29:58,1063,62800,64000,9176
547,1397/7/22 9:30:16,48,62974,158,62950,62998,3569,9:29:46,1000,62902,63000,750,9:29:58,5050,62902,63963,3285,9:29:58,100,62801,63999,10000,9:29:58,1063,62800,64000,9176
548,1397/7/22 9:30:21,48,62974,158,62950,62998,2507,9:29:46,1000,62902,63000,750,9:29:58,5050,62902,63963,3285,9:29:58,100,62801,63999,10000,9:29:58,1063,62800,64000,9176
549,1397/7/22 9:30:29,1,62997,315,62997,62998,2507,9:30:29,158,62950,63000,750,9:30:29,1000,62950,63963,3285,9:30:29,5050,62900,63999,10000,9:30:29,100,62801,64000,9176
550,1397/7/22 9:30:33,1,62997,315,62997,62998,2081,9:30:29,158,62950,63000,750,9:30:29,1000,62950,63963,3285,9:30:29,5050,62900,63999,10000,9:30:29,100,62801,64000,9176
551,1397/7/22 9:30:33,1,62997,315,62997,62998,2081,9:30:40,158,62960,63000,750,9:30:29,1000,62960,63963,3285,9:30:29,5050,62900,63999,10000,9:30:29,100,62801,64000,9176
552,1397/7/22 9:30:42,1,62997,315,62997,62998,5081,9:30:40,158,62960,63000,750,9:30:42,30,62960,63963,3285,9:30:42,1000,62902,63999,10000,9:30:42,5050,62900,64000,9176
553,1397/7/22 9:30:45,37,62978,158,62960,62997,2685,9:30:45,30,62903,62998,5081,9:30:45,1000,62903,63000,750,9:30:45,5050,62900,63963,3285,9:30:45,2000,62802,63999,10000
554,1397/7/22 9:30:45,37,62978,158,62960,62997,2685,9:30:47,790,62930,62998,5081,9:30:47,30,62930,63000,750,9:30:47,1000,62902,63963,3285,9:30:47,5050,62900,63999,10000
555,1397/7/22 9:30:52,37,62978,158,62960,62997,2225,9:30:47,790,62930,62998,5081,9:30:47,30,62930,63000,750,9:30:47,1000,62902,63963,3285,9:30:47,5050,62900,63999,10000
556,1397/7/22 9:30:52,37,62978,158,62960,62997,2225,9:30:47,790,62930,62998,5081,9:30:47,30,62930,63000,750,9:31:07,1000,62902,63491,1975,9:31:07,5050,62900,63963,3285
557,1397/7/22 9:30:52,37,62978,158,62960,62997,2225,9:30:47,790,62930,62998,5081,9:30:47,30,62930,63000,750,9:31:13,1032,62902,63491,1975,9:31:07,5050,62900,63963,3285
558,1397/7/22 9:30:52,37,62978,158,62960,62997,2225,9:30:47,790,62930,62998,5081,9:30:47,30,62930,63000,750,9:31:13,1032,62902,63491,1975,9:31:16,5050,62900,63500,500
559,1397/7/22 9:31:20,37,62978,158,62960,62997,1725,9:30:47,790,62930,62998,5081,9:31:20,55,62930,63000,750,9:31:13,1032,62902,63491,1975,9:31:16,5050,62900,63500,500
560,1397/7/22 9:31:21,30,62975,158,62960,62990,100,9:31:21,790,62930,62997,1725,9:31:21,55,62930,62998,5081,9:31:21,1032,62902,63000,750,9:31:21,5050,62900,63491,1975
561,1397/7/22 9:31:22,30,62975,158,62960,62990,3100,9:31:21,790,62930,62997,1725,9:31:21,55,62930,62998,5081,9:31:21,1032,62902,63000,750,9:31:21,5050,62900,63491,1975
562,1397/7/22 9:31:22,30,62975,158,62960,62990,3100,9:31:21,790,62930,62997,1725,9:31:21,55,62930,62998,5081,9:31:21,1032,62902,63000,750,9:31:27,5050,62900,63500,500
563,1397/7/22 9:31:32,30,62975,158,62960,62990,1100,9:31:21,790,62930,62997,1725,9:31:21,55,62930,62998,5081,9:31:21,1032,62902,63000,750,9:31:27,5050,62900,63500,500
564,1397/7/22 9:31:32,30,62975,158,62960,62990,1100,9:31:21,790,62930,62997,1725,9:31:21,55,62930,62998,5081,9:31:40,1032,62902,63000,30750,9:31:27,5050,62900,63500,500
565,1397/7/22 9:31:32,30,62975,158,62960,62990,1100,9:31:21,790,62930,62997,1725,9:31:21,55,62930,62998,5081,9:31:40,1032,62902,63000,30750,9:31:42,5050,62900,63490,1975
566,1397/7/22 9:31:50,29,62975,1500,62961,62990,1100,9:31:50,158,62960,62997,1725,9:31:50,790,62960,62998,5081,9:31:50,55,62903,63000,30750,9:31:50,1032,62902,63490,1975
567,1397/7/22 9:31:52,29,62975,1500,62961,62990,1620,9:31:50,158,62960,62997,1725,9:31:50,790,62960,62998,5081,9:31:50,55,62903,63000,30750,9:31:50,1032,62902,63490,1975
568,1397/7/22 9:32:01,29,62975,739,62961,62990,1620,9:31:50,158,62960,62997,1725,9:31:50,790,62960,62998,5081,9:31:50,55,62903,63000,30750,9:31:50,1032,62902,63490,1975
569,1397/7/22 9:32:31,29,62975,219,62961,62990,1100,9:31:50,158,62960,62997,1725,9:31:50,790,62960,62998,5081,9:31:50,55,62903,63000,30750,9:31:50,1032,62902,63490,1975
570,1397/7/22 9:32:31,29,62975,219,62961,62990,1100,9:31:50,158,62960,62997,1725,9:31:50,790,62960,62998,5081,9:32:37,80,62903,63000,30750,9:31:50,1032,62902,63490,1975
571,1397/7/22 9:32:40,29,62975,1219,62961,62990,1100,9:31:50,158,62960,62997,1725,9:31:50,790,62960,62998,5081,9:32:37,80,62903,63000,30750,9:31:50,1032,62902,63490,1975
572,1397/7/22 9:32:55,29,62975,1219,62961,62990,1037,9:31:50,158,62960,62997,1725,9:31:50,790,62960,62998,5081,9:32:37,80,62903,63000,30750,9:31:50,1032,62902,63490,1975
573,1397/7/22 9:33:11,88,62946,962,62902,62990,1037,9:33:11,5305,62900,62997,1725,9:33:11,2000,62900,62998,5081,9:33:11,100,62801,63000,30750,9:33:11,2063,62800,63490,1975
574,1397/7/22 9:33:17,29,62975,200,62961,62990,1037,9:33:17,962,62902,62997,1725,9:33:17,5305,62902,62998,5081,9:33:17,2000,62802,63000,30750,9:33:17,100,62801,63490,1975
575,1397/7/22 9:33:17,29,62975,200,62961,62990,1037,9:33:17,962,62902,62997,1725,9:33:17,5305,62902,62998,5081,9:33:20,2000,62802,63000,30200,9:33:17,100,62801,63490,1975
576,1397/7/22 9:33:17,29,62975,200,62961,62990,1037,9:33:33,962,62902,62997,2045,9:33:17,5305,62902,62998,5081,9:33:20,2000,62802,63000,30200,9:33:17,100,62801,63490,1975
577,1397/7/22 9:33:45,29,62975,100,62961,62990,1037,9:33:33,962,62902,62997,2045,9:33:17,5305,62902,62998,5081,9:33:20,2000,62802,63000,30200,9:33:17,100,62801,63490,1975
578,1397/7/22 9:33:45,29,62975,100,62961,62990,1037,9:33:33,962,62902,62997,2045,9:34:08,478,62902,62998,5081,9:34:08,5305,62900,63000,30200,9:34:08,2000,62802,63490,1975
579,1397/7/22 9:33:45,29,62975,100,62961,62990,1037,9:34:17,3335,62902,62997,2045,9:34:08,478,62902,62998,5081,9:34:08,5305,62900,63000,30200,9:34:08,2000,62802,63490,1975
580,1397/7/22 9:33:45,29,62975,100,62961,62990,1037,9:34:17,3335,62902,62997,2045,9:34:08,478,62902,62998,5081,9:34:22,5305,62900,63000,30300,9:34:08,2000,62802,63490,1975
581,1397/7/22 9:33:45,29,62975,100,62961,62990,1037,9:34:17,3335,62902,62997,2045,9:34:08,478,62902,62998,5081,9:34:24,5305,62900,63000,30364,9:34:08,2000,62802,63490,1975
582,1397/7/22 9:34:28,29,62975,259,62961,62990,1037,9:34:17,3335,62902,62997,2045,9:34:08,478,62902,62998,5081,9:34:24,5305,62900,63000,30364,9:34:08,2000,62802,63490,1975
