,time1,Spread,Mid-price,volume_buy1,price_buy1,price_sell1,volume_sell1,time2,volume_buy2,price_buy2,price_sell2,volume_sell2,time3,volume_buy3,price_buy3,price_sell3,volume_sell3,time4,volume_buy4,price_buy4,price_sell4,volume_sell4,time5,volume_buy5,price_buy5,price_sell5,volume_sell5
0,1397/7/17 6:01:26,2436,61423,50,60205,62641,750,6:01:26,60,60190,63093,30,6:01:26,662,60190,63500,30,6:01:26,52,58225,63555,5720,6:01:26,1000,57735,66300,494
1,1397/7/17 8:30:07,436,62423,20000,62205,62641,750,8:30:07,50,60205,63093,30,8:30:07,60,60205,63500,30,8:30:07,662,60000,63555,5720,8:30:07,52,58225,66300,494
2,1397/7/17 8:30:08,436,62423,21700,62205,62641,750,8:30:07,50,60205,63093,30,8:30:07,60,60205,63500,30,8:30:07,662,60000,63555,5720,8:30:07,52,58225,66300,494
3,1397/7/17 8:30:09,436,62423,73970,62205,62641,750,8:30:07,50,60205,63093,30,8:30:07,60,60205,63500,30,8:30:07,662,60000,63555,5720,8:30:07,52,58225,66300,494
4,1397/7/17 8:30:10,436,62423,74470,62205,62641,750,8:30:07,50,60205,63093,30,8:30:07,60,60205,63500,30,8:30:07,662,60000,63555,5720,8:30:07,52,58225,66300,494
5,1397/7/17 8:30:12,436,62423,74970,62205,62641,750,8:30:07,50,60205,63093,30,8:30:07,60,60205,63500,30,8:30:07,662,60000,63555,5720,8:30:07,52,58225,66300,494
6,1397/7/17 8:30:13,436,62423,176220,62205,62641,750,8:30:07,50,60205,63093,30,8:30:07,60,60205,63500,30,8:30:07,662,60000,63555,5720,8:30:07,52,58225,66300,494
7,1397/7/17 8:30:15,436,62423,196220,62205,62641,750,8:30:07,50,60205,63093,30,8:30:07,60,60205,63500,30,8:30:07,662,60000,63555,5720,8:30:07,52,58225,66300,494
8,1397/7/17 8:30:16,436,62423,197723,62205,62641,750,8:30:07,50,60205,63093,30,8:30:07,60,60205,63500,30,8:30:07,662,60000,63555,5720,8:30:07,52,58225,66300,494
9,1397/7/17 8:30:23,436,62423,205723,62205,62641,750,8:30:07,50,60205,63093,30,8:30:07,60,60205,63500,30,8:30:07,662,60000,63555,5720,8:30:07,52,58225,66300,494
10,1397/7/17 8:30:27,436,62423,205743,62205,62641,750,8:30:07,50,60205,63093,30,8:30:07,60,60205,63500,30,8:30:07,662,60000,63555,5720,8:30:07,52,58225,66300,494
11,1397/7/17 8:30:40,436,62423,207343,62205,62641,750,8:30:07,50,60205,63093,30,8:30:07,60,60205,63500,30,8:30:07,662,60000,63555,5720,8:30:40,4000,59243,66300,494
12,1397/7/17 8:30:40,436,62423,207343,62205,62641,750,8:30:41,350,60205,63093,30,8:30:07,60,60205,63500,30,8:30:07,662,60000,63555,5720,8:30:40,4000,59243,66300,494
13,1397/7/17 8:30:45,436,62423,208141,62205,62641,750,8:30:41,350,60205,63093,30,8:30:07,60,60205,63500,30,8:30:07,662,60000,63555,5720,8:30:40,4000,59243,66300,494
14,1397/7/17 8:30:46,436,62423,208341,62205,62641,750,8:30:41,350,60205,63093,30,8:30:07,60,60205,63500,30,8:30:07,662,60000,63555,5720,8:30:40,4000,59243,66300,494
15,1397/7/17 8:30:46,436,62423,208341,62205,62641,750,8:30:41,350,60205,63093,30,8:30:07,60,60205,63500,30,8:30:07,662,60000,63555,5720,8:30:52,1000,59250,66300,494
16,1397/7/17 8:31:00,436,62423,208669,62205,62641,750,8:30:41,350,60205,63093,30,8:30:07,60,60205,63500,30,8:30:07,662,60000,63555,5720,8:30:52,1000,59250,66300,494
17,1397/7/17 8:31:13,0,62205,208669,62205,62205,500,8:31:13,350,60205,62641,750,8:31:13,60,60205,63093,30,8:31:13,662,60000,63500,30,8:31:13,1000,59250,63555,5720
18,1397/7/17 8:31:19,0,62205,240660,62205,62205,500,8:31:13,350,60205,62641,750,8:31:13,60,60205,63093,30,8:31:13,662,60000,63500,30,8:31:13,1000,59250,63555,5720
19,1397/7/17 8:31:27,0,62205,241160,62205,62205,500,8:31:13,350,60205,62641,750,8:31:13,60,60205,63093,30,8:31:13,662,60000,63500,30,8:31:13,1000,59250,63555,5720
20,1397/7/17 8:31:30,0,62205,243660,62205,62205,500,8:31:13,350,60205,62641,750,8:31:13,60,60205,63093,30,8:31:13,662,60000,63500,30,8:31:13,1000,59250,63555,5720
21,1397/7/17 8:31:58,0,62205,249660,62205,62205,500,8:31:13,350,60205,62641,750,8:31:13,60,60205,63093,30,8:31:13,662,60000,63500,30,8:31:13,1000,59250,63555,5720
22,1397/7/17 8:32:02,0,62205,249680,62205,62205,500,8:31:13,350,60205,62641,750,8:31:13,60,60205,63093,30,8:31:13,662,60000,63500,30,8:31:13,1000,59250,63555,5720
23,1397/7/17 8:32:06,0,62205,251180,62205,62205,500,8:31:13,350,60205,62641,750,8:31:13,60,60205,63093,30,8:31:13,662,60000,63500,30,8:31:13,1000,59250,63555,5720
24,1397/7/17 8:32:08,0,62205,261180,62205,62205,500,8:31:13,350,60205,62641,750,8:31:13,60,60205,63093,30,8:31:13,662,60000,63500,30,8:31:13,1000,59250,63555,5720
25,1397/7/17 8:32:08,0,62205,261180,62205,62205,500,8:32:10,950,60205,62641,750,8:31:13,60,60205,63093,30,8:31:13,662,60000,63500,30,8:31:13,1000,59250,63555,5720
26,1397/7/17 8:32:19,0,62205,260680,62205,62205,500,8:32:10,950,60205,62641,750,8:31:13,60,60205,63093,30,8:31:13,662,60000,63500,30,8:31:13,1000,59250,63555,5720
27,1397/7/17 8:32:31,0,62205,263680,62205,62205,500,8:32:10,950,60205,62641,750,8:31:13,60,60205,63093,30,8:31:13,662,60000,63500,30,8:31:13,1000,59250,63555,5720
28,1397/7/17 8:32:32,0,62205,263980,62205,62205,500,8:32:10,950,60205,62641,750,8:31:13,60,60205,63093,30,8:31:13,662,60000,63500,30,8:31:13,1000,59250,63555,5720
29,1397/7/17 8:32:34,0,62205,264780,62205,62205,500,8:32:10,950,60205,62641,750,8:31:13,60,60205,63093,30,8:31:13,662,60000,63500,30,8:31:13,1000,59250,63555,5720
30,1397/7/17 8:32:35,0,62205,264760,62205,62205,500,8:32:10,950,60205,62641,750,8:31:13,60,60205,63093,30,8:31:13,662,60000,63500,30,8:31:13,1000,59250,63555,5720
31,1397/7/17 8:32:38,0,62205,264260,62205,62205,500,8:32:10,950,60205,62641,750,8:31:13,60,60205,63093,30,8:31:13,662,60000,63500,30,8:31:13,1000,59250,63555,5720
32,1397/7/17 8:32:38,0,62205,264260,62205,62205,500,8:32:10,950,60205,62641,750,8:31:13,60,60205,63093,30,8:32:46,1492,60000,63500,30,8:31:13,1000,59250,63555,5720
33,1397/7/17 8:32:51,0,62205,269660,62205,62205,500,8:32:10,950,60205,62641,750,8:31:13,60,60205,63093,30,8:32:46,1492,60000,63500,30,8:31:13,1000,59250,63555,5720
34,1397/7/17 8:32:54,0,62205,270260,62205,62205,500,8:32:54,350,60205,62641,750,8:31:13,60,60205,63093,30,8:32:46,1492,60000,63500,30,8:31:13,1000,59250,63555,5720
35,1397/7/17 8:32:59,0,62205,270278,62205,62205,500,8:32:54,350,60205,62641,750,8:31:13,60,60205,63093,30,8:32:46,1492,60000,63500,30,8:31:13,1000,59250,63555,5720
36,1397/7/17 8:33:03,0,62205,267278,62205,62205,500,8:32:54,350,60205,62641,750,8:31:13,60,60205,63093,30,8:32:46,1492,60000,63500,30,8:31:13,1000,59250,63555,5720
37,1397/7/17 8:33:05,0,62205,267278,62205,62205,692,8:32:54,350,60205,62641,750,8:31:13,60,60205,63093,30,8:32:46,1492,60000,63500,30,8:31:13,1000,59250,63555,5720
38,1397/7/17 8:33:09,0,62205,267328,62205,62205,692,8:32:54,350,60205,62641,750,8:31:13,60,60205,63093,30,8:32:46,1492,60000,63500,30,8:31:13,1000,59250,63555,5720
39,1397/7/17 8:33:14,0,62205,267472,62205,62205,692,8:32:54,350,60205,62641,750,8:31:13,60,60205,63093,30,8:32:46,1492,60000,63500,30,8:31:13,1000,59250,63555,5720
40,1397/7/17 8:33:18,0,62205,267572,62205,62205,692,8:32:54,350,60205,62641,750,8:31:13,60,60205,63093,30,8:32:46,1492,60000,63500,30,8:31:13,1000,59250,63555,5720
41,1397/7/17 8:33:18,0,62205,267572,62205,62205,692,8:33:33,329,60619,62641,750,8:33:33,350,60619,63093,30,8:33:33,60,60190,63500,30,8:33:33,1492,60000,63555,5720
42,1397/7/17 8:33:34,0,62205,267622,62205,62205,692,8:33:33,329,60619,62641,750,8:33:33,350,60619,63093,30,8:33:33,60,60190,63500,30,8:33:33,1492,60000,63555,5720
43,1397/7/17 8:33:40,0,62205,267872,62205,62205,692,8:33:33,329,60619,62641,750,8:33:33,350,60619,63093,30,8:33:33,60,60190,63500,30,8:33:33,1492,60000,63555,5720
44,1397/7/17 8:33:45,0,62205,217872,62205,62205,692,8:33:33,329,60619,62641,750,8:33:33,350,60619,63093,30,8:33:33,60,60190,63500,30,8:33:33,1492,60000,63555,5720
45,1397/7/17 8:33:48,0,62205,217872,62205,62205,942,8:33:33,329,60619,62641,750,8:33:33,350,60619,63093,30,8:33:33,60,60190,63500,30,8:33:33,1492,60000,63555,5720
46,1397/7/17 8:33:49,0,62205,218872,62205,62205,942,8:33:33,329,60619,62641,750,8:33:33,350,60619,63093,30,8:33:33,60,60190,63500,30,8:33:33,1492,60000,63555,5720
47,1397/7/17 8:33:53,0,62205,218889,62205,62205,942,8:33:33,329,60619,62641,750,8:33:33,350,60619,63093,30,8:33:33,60,60190,63500,30,8:33:33,1492,60000,63555,5720
48,1397/7/17 8:33:56,0,62205,220007,62205,62205,942,8:33:33,329,60619,62641,750,8:33:33,350,60619,63093,30,8:33:33,60,60190,63500,30,8:33:33,1492,60000,63555,5720
49,1397/7/17 8:34:12,0,62205,220087,62205,62205,942,8:33:33,329,60619,62641,750,8:33:33,350,60619,63093,30,8:33:33,60,60190,63500,30,8:33:33,1492,60000,63555,5720
50,1397/7/17 8:34:23,0,62205,218487,62205,62205,942,8:33:33,329,60619,62641,750,8:33:33,350,60619,63093,30,8:33:33,60,60190,63500,30,8:33:33,1492,60000,63555,5720
51,1397/7/17 8:34:33,0,62205,222567,62205,62205,942,8:33:33,329,60619,62641,750,8:33:33,350,60619,63093,30,8:33:33,60,60190,63500,30,8:33:33,1492,60000,63555,5720
52,1397/7/17 8:34:33,0,62205,222567,62205,62205,942,8:33:33,329,60619,62641,750,8:34:35,1350,60619,63093,30,8:33:33,60,60190,63500,30,8:33:33,1492,60000,63555,5720
53,1397/7/17 8:34:33,0,62205,222567,62205,62205,942,8:33:33,329,60619,62641,750,8:34:35,1350,60619,63093,30,8:33:33,60,60190,63500,30,8:34:55,31492,60000,63555,5720
54,1397/7/17 8:35:01,0,62205,221867,62205,62205,942,8:33:33,329,60619,62641,750,8:34:35,1350,60619,63093,30,8:33:33,60,60190,63500,30,8:34:55,31492,60000,63555,5720
55,1397/7/17 8:35:06,0,62205,221867,62205,62205,946,8:33:33,329,60619,62641,750,8:34:35,1350,60619,63093,30,8:33:33,60,60190,63500,30,8:34:55,31492,60000,63555,5720
56,1397/7/17 8:35:19,0,62205,222067,62205,62205,946,8:33:33,329,60619,62641,750,8:34:35,1350,60619,63093,30,8:33:33,60,60190,63500,30,8:34:55,31492,60000,63555,5720
57,1397/7/17 8:35:24,0,62205,222167,62205,62205,946,8:33:33,329,60619,62641,750,8:34:35,1350,60619,63093,30,8:33:33,60,60190,63500,30,8:34:55,31492,60000,63555,5720
58,1397/7/17 8:35:26,0,62205,227415,62205,62205,946,8:33:33,329,60619,62641,750,8:34:35,1350,60619,63093,30,8:33:33,60,60190,63500,30,8:34:55,31492,60000,63555,5720
59,1397/7/17 8:35:26,0,62205,227415,62205,62205,946,8:35:37,359,60619,62641,750,8:34:35,1350,60619,63093,30,8:33:33,60,60190,63500,30,8:34:55,31492,60000,63555,5720
60,1397/7/17 8:35:54,0,62205,227415,62205,62205,1206,8:35:37,359,60619,62641,750,8:34:35,1350,60619,63093,30,8:33:33,60,60190,63500,30,8:34:55,31492,60000,63555,5720
61,1397/7/17 8:36:20,0,62205,227654,62205,62205,1206,8:35:37,359,60619,62641,750,8:34:35,1350,60619,63093,30,8:33:33,60,60190,63500,30,8:34:55,31492,60000,63555,5720
62,1397/7/17 8:36:23,0,62205,227854,62205,62205,1206,8:35:37,359,60619,62641,750,8:34:35,1350,60619,63093,30,8:33:33,60,60190,63500,30,8:34:55,31492,60000,63555,5720
63,1397/7/17 8:36:43,0,62205,228842,62205,62205,1206,8:35:37,359,60619,62641,750,8:34:35,1350,60619,63093,30,8:33:33,60,60190,63500,30,8:34:55,31492,60000,63555,5720
64,1397/7/17 8:36:47,0,62205,229481,62205,62205,1206,8:35:37,359,60619,62641,750,8:34:35,1350,60619,63093,30,8:33:33,60,60190,63500,30,8:34:55,31492,60000,63555,5720
65,1397/7/17 8:36:55,0,62205,228481,62205,62205,1206,8:36:55,1000,60620,62641,750,8:36:55,359,60620,63093,30,8:36:55,1350,60205,63500,30,8:36:55,60,60190,63555,5720
66,1397/7/17 8:37:06,0,62205,228681,62205,62205,1206,8:36:55,1000,60620,62641,750,8:36:55,359,60620,63093,30,8:36:55,1350,60205,63500,30,8:36:55,60,60190,63555,5720
67,1397/7/17 8:37:16,0,62205,228681,62205,62205,2207,8:36:55,1000,60620,62641,750,8:36:55,359,60620,63093,30,8:36:55,1350,60205,63500,30,8:36:55,60,60190,63555,5720
68,1397/7/17 8:37:21,0,62205,228781,62205,62205,2207,8:36:55,1000,60620,62641,750,8:36:55,359,60620,63093,30,8:36:55,1350,60205,63500,30,8:36:55,60,60190,63555,5720
69,1397/7/17 8:37:52,0,62205,228681,62205,62205,2207,8:36:55,1000,60620,62641,750,8:36:55,359,60620,63093,30,8:36:55,1350,60205,63500,30,8:36:55,60,60190,63555,5720
70,1397/7/17 8:38:14,0,62205,228701,62205,62205,2207,8:36:55,1000,60620,62641,750,8:36:55,359,60620,63093,30,8:36:55,1350,60205,63500,30,8:36:55,60,60190,63555,5720
71,1397/7/17 8:38:22,0,62205,228720,62205,62205,2207,8:36:55,1000,60620,62641,750,8:36:55,359,60620,63093,30,8:36:55,1350,60205,63500,30,8:36:55,60,60190,63555,5720
72,1397/7/17 8:38:45,0,62205,228752,62205,62205,2207,8:36:55,1000,60620,62641,750,8:36:55,359,60620,63093,30,8:36:55,1350,60205,63500,30,8:36:55,60,60190,63555,5720
73,1397/7/17 8:38:46,0,62205,228752,62205,62205,6838,8:36:55,1000,60620,62641,750,8:36:55,359,60620,63093,30,8:36:55,1350,60205,63500,30,8:36:55,60,60190,63555,5720
74,1397/7/17 8:38:54,0,62205,229052,62205,62205,6838,8:36:55,1000,60620,62641,750,8:36:55,359,60620,63093,30,8:38:54,1050,60205,63500,30,8:36:55,60,60190,63555,5720
75,1397/7/17 8:39:08,0,62205,230052,62205,62205,6838,8:36:55,1000,60620,62641,750,8:36:55,359,60620,63093,30,8:38:54,1050,60205,63500,30,8:36:55,60,60190,63555,5720
76,1397/7/17 8:39:26,0,62205,221052,62205,62205,6838,8:36:55,1000,60620,62641,750,8:36:55,359,60620,63093,30,8:38:54,1050,60205,63500,30,8:36:55,60,60190,63555,5720
77,1397/7/17 8:39:31,0,62205,221452,62205,62205,6838,8:36:55,1000,60620,62641,750,8:36:55,359,60620,63093,30,8:38:54,1050,60205,63500,30,8:36:55,60,60190,63555,5720
78,1397/7/17 8:39:52,0,62205,221487,62205,62205,6838,8:36:55,1000,60620,62641,750,8:36:55,359,60620,63093,30,8:38:54,1050,60205,63500,30,8:36:55,60,60190,63555,5720
79,1397/7/17 8:39:56,0,62205,221087,62205,62205,6838,8:36:55,1000,60620,62641,750,8:36:55,359,60620,63093,30,8:38:54,1050,60205,63500,30,8:36:55,60,60190,63555,5720
80,1397/7/17 8:40:14,0,62205,221998,62205,62205,6838,8:36:55,1000,60620,62641,750,8:36:55,359,60620,63093,30,8:38:54,1050,60205,63500,30,8:36:55,60,60190,63555,5720
81,1397/7/17 8:40:20,0,62205,222478,62205,62205,6838,8:36:55,1000,60620,62641,750,8:36:55,359,60620,63093,30,8:38:54,1050,60205,63500,30,8:36:55,60,60190,63555,5720
82,1397/7/17 8:40:26,0,62205,222478,62205,62205,9326,8:36:55,1000,60620,62641,750,8:36:55,359,60620,63093,30,8:38:54,1050,60205,63500,30,8:36:55,60,60190,63555,5720
83,1397/7/17 8:40:27,0,62205,222578,62205,62205,9326,8:36:55,1000,60620,62641,750,8:36:55,359,60620,63093,30,8:38:54,1050,60205,63500,30,8:36:55,60,60190,63555,5720
84,1397/7/17 8:40:46,0,62205,222098,62205,62205,9326,8:36:55,1000,60620,62641,750,8:36:55,359,60620,63093,30,8:38:54,1050,60205,63500,30,8:36:55,60,60190,63555,5720
85,1397/7/17 8:41:24,0,62205,222148,62205,62205,9326,8:36:55,1000,60620,62641,750,8:36:55,359,60620,63093,30,8:38:54,1050,60205,63500,30,8:36:55,60,60190,63555,5720
86,1397/7/17 8:41:31,0,62205,182148,62205,62205,9326,8:36:55,1000,60620,62641,750,8:36:55,359,60620,63093,30,8:38:54,1050,60205,63500,30,8:36:55,60,60190,63555,5720
87,1397/7/17 8:41:54,0,62205,182148,62205,62205,11326,8:36:55,1000,60620,62641,750,8:36:55,359,60620,63093,30,8:38:54,1050,60205,63500,30,8:36:55,60,60190,63555,5720
88,1397/7/17 8:41:58,0,62205,180648,62205,62205,11326,8:36:55,1000,60620,62641,750,8:36:55,359,60620,63093,30,8:38:54,1050,60205,63500,30,8:36:55,60,60190,63555,5720
89,1397/7/17 8:41:59,0,62205,181148,62205,62205,11326,8:36:55,1000,60620,62641,750,8:36:55,359,60620,63093,30,8:38:54,1050,60205,63500,30,8:36:55,60,60190,63555,5720
90,1397/7/17 8:42:36,0,62205,181148,62205,62205,12150,8:36:55,1000,60620,62641,750,8:36:55,359,60620,63093,30,8:38:54,1050,60205,63500,30,8:36:55,60,60190,63555,5720
91,1397/7/17 8:42:50,0,62205,181192,62205,62205,12150,8:36:55,1000,60620,62641,750,8:36:55,359,60620,63093,30,8:38:54,1050,60205,63500,30,8:36:55,60,60190,63555,5720
92,1397/7/17 8:43:14,0,62205,175944,62205,62205,12150,8:36:55,1000,60620,62641,750,8:36:55,359,60620,63093,30,8:38:54,1050,60205,63500,30,8:36:55,60,60190,63555,5720
93,1397/7/17 8:43:52,0,62205,176024,62205,62205,12150,8:36:55,1000,60620,62641,750,8:36:55,359,60620,63093,30,8:38:54,1050,60205,63500,30,8:36:55,60,60190,63555,5720
94,1397/7/17 8:43:52,0,62205,176024,62205,62205,12150,8:44:23,225,62000,62641,750,8:44:23,1000,62000,63093,30,8:44:23,359,60619,63500,30,8:44:23,1050,60205,63555,5720
95,1397/7/17 8:44:26,0,62205,177304,62205,62205,12150,8:44:23,225,62000,62641,750,8:44:23,1000,62000,63093,30,8:44:23,359,60619,63500,30,8:44:23,1050,60205,63555,5720
96,1397/7/17 8:45:11,0,62205,177304,62205,62205,14450,8:44:23,225,62000,62641,750,8:44:23,1000,62000,63093,30,8:44:23,359,60619,63500,30,8:44:23,1050,60205,63555,5720
97,1397/7/17 8:45:27,0,62205,176804,62205,62205,14450,8:44:23,225,62000,62641,750,8:44:23,1000,62000,63093,30,8:44:23,359,60619,63500,30,8:44:23,1050,60205,63555,5720
98,1397/7/17 8:45:31,0,62205,176006,62205,62205,14450,8:44:23,225,62000,62641,750,8:44:23,1000,62000,63093,30,8:44:23,359,60619,63500,30,8:44:23,1050,60205,63555,5720
99,1397/7/17 8:45:37,0,62205,176276,62205,62205,14450,8:44:23,225,62000,62641,750,8:44:23,1000,62000,63093,30,8:44:23,359,60619,63500,30,8:44:23,1050,60205,63555,5720
100,1397/7/17 8:45:37,0,62205,176276,62205,62205,14450,8:44:23,225,62000,62641,750,8:44:23,1000,62000,63093,30,8:44:23,359,60619,63500,30,8:45:38,1850,60205,63555,5720
101,1397/7/17 8:45:45,0,62205,177276,62205,62205,14450,8:44:23,225,62000,62641,750,8:44:23,1000,62000,63093,30,8:44:23,359,60619,63500,30,8:45:38,1850,60205,63555,5720
102,1397/7/17 8:45:53,0,62205,177307,62205,62205,14450,8:44:23,225,62000,62641,750,8:44:23,1000,62000,63093,30,8:44:23,359,60619,63500,30,8:45:38,1850,60205,63555,5720
103,1397/7/17 8:45:59,0,62205,178425,62205,62205,14450,8:44:23,225,62000,62641,750,8:44:23,1000,62000,63093,30,8:44:23,359,60619,63500,30,8:45:38,1850,60205,63555,5720
104,1397/7/17 8:46:02,0,62205,181743,62205,62205,14450,8:44:23,225,62000,62641,750,8:44:23,1000,62000,63093,30,8:44:23,359,60619,63500,30,8:45:38,1850,60205,63555,5720
105,1397/7/17 8:46:17,0,62205,182382,62205,62205,14450,8:44:23,225,62000,62641,750,8:44:23,1000,62000,63093,30,8:44:23,359,60619,63500,30,8:45:38,1850,60205,63555,5720
106,1397/7/17 8:46:21,0,62205,182382,62205,62205,24639,8:44:23,225,62000,62641,750,8:44:23,1000,62000,63093,30,8:44:23,359,60619,63500,30,8:45:38,1850,60205,63555,5720
107,1397/7/17 8:46:27,0,62205,181882,62205,62205,24639,8:44:23,225,62000,62641,750,8:44:23,1000,62000,63093,30,8:44:23,359,60619,63500,30,8:45:38,1850,60205,63555,5720
108,1397/7/17 8:46:30,0,62205,182882,62205,62205,24639,8:44:23,225,62000,62641,750,8:44:23,1000,62000,63093,30,8:44:23,359,60619,63500,30,8:45:38,1850,60205,63555,5720
109,1397/7/17 8:46:36,0,62205,182882,62205,62205,25289,8:44:23,225,62000,62641,750,8:44:23,1000,62000,63093,30,8:44:23,359,60619,63500,30,8:45:38,1850,60205,63555,5720
110,1397/7/17 8:46:40,0,62205,182899,62205,62205,25289,8:44:23,225,62000,62641,750,8:44:23,1000,62000,63093,30,8:44:23,359,60619,63500,30,8:45:38,1850,60205,63555,5720
111,1397/7/17 8:47:10,0,62205,182918,62205,62205,25289,8:44:23,225,62000,62641,750,8:44:23,1000,62000,63093,30,8:44:23,359,60619,63500,30,8:45:38,1850,60205,63555,5720
112,1397/7/17 8:47:24,0,62205,182918,62205,62205,75289,8:44:23,225,62000,62641,750,8:44:23,1000,62000,63093,30,8:44:23,359,60619,63500,30,8:45:38,1850,60205,63555,5720
113,1397/7/17 8:47:36,0,62205,183237,62205,62205,75289,8:44:23,225,62000,62641,750,8:44:23,1000,62000,63093,30,8:44:23,359,60619,63500,30,8:45:38,1850,60205,63555,5720
114,1397/7/17 8:47:55,0,62205,185237,62205,62205,75289,8:44:23,225,62000,62641,750,8:44:23,1000,62000,63093,30,8:44:23,359,60619,63500,30,8:45:38,1850,60205,63555,5720
115,1397/7/17 8:47:57,0,62205,186035,62205,62205,75289,8:44:23,225,62000,62641,750,8:44:23,1000,62000,63093,30,8:44:23,359,60619,63500,30,8:45:38,1850,60205,63555,5720
116,1397/7/17 8:48:05,0,62205,186035,62205,62205,75789,8:44:23,225,62000,62641,750,8:44:23,1000,62000,63093,30,8:44:23,359,60619,63500,30,8:45:38,1850,60205,63555,5720
117,1397/7/17 8:48:07,0,62205,186035,62205,62205,77660,8:44:23,225,62000,62641,750,8:44:23,1000,62000,63093,30,8:44:23,359,60619,63500,30,8:45:38,1850,60205,63555,5720
118,1397/7/17 8:48:13,0,62205,186035,62205,62205,79379,8:44:23,225,62000,62641,750,8:44:23,1000,62000,63093,30,8:44:23,359,60619,63500,30,8:45:38,1850,60205,63555,5720
119,1397/7/17 8:48:13,0,62205,186035,62205,62205,79379,8:44:23,225,62000,62641,750,8:44:23,1000,62000,63093,30,8:44:23,359,60619,63500,30,8:48:21,7850,60205,63555,5720
120,1397/7/17 8:48:35,0,62205,186035,62205,62205,89379,8:44:23,225,62000,62641,750,8:44:23,1000,62000,63093,30,8:44:23,359,60619,63500,30,8:48:21,7850,60205,63555,5720
121,1397/7/17 8:48:37,0,62205,186035,62205,62205,93379,8:44:23,225,62000,62641,750,8:44:23,1000,62000,63093,30,8:44:23,359,60619,63500,30,8:48:21,7850,60205,63555,5720
122,1397/7/17 8:48:47,0,62205,186535,62205,62205,93379,8:44:23,225,62000,62641,750,8:44:23,1000,62000,63093,30,8:44:23,359,60619,63500,30,8:48:21,7850,60205,63555,5720
123,1397/7/17 8:48:47,0,62205,186535,62205,62205,93379,8:44:23,225,62000,62641,750,8:44:23,1000,62000,63093,30,8:44:23,359,60619,63500,30,8:49:00,7850,60205,63555,4020
124,1397/7/17 8:48:47,0,62205,186535,62205,62205,93379,8:44:23,225,62000,62641,750,8:44:23,1000,62000,63093,30,8:44:23,359,60619,63500,30,8:49:03,35850,60205,63555,4020
125,1397/7/17 8:49:11,0,62205,192535,62205,62205,93379,8:44:23,225,62000,62641,750,8:44:23,1000,62000,63093,30,8:44:23,359,60619,63500,30,8:49:03,35850,60205,63555,4020
126,1397/7/17 8:49:27,0,62205,192535,62205,62205,96979,8:44:23,225,62000,62641,750,8:44:23,1000,62000,63093,30,8:44:23,359,60619,63500,30,8:49:03,35850,60205,63555,4020
127,1397/7/17 8:49:28,0,62205,192554,62205,62205,96979,8:44:23,225,62000,62641,750,8:44:23,1000,62000,63093,30,8:44:23,359,60619,63500,30,8:49:03,35850,60205,63555,4020
128,1397/7/17 8:49:39,0,62205,192554,62205,62205,97079,8:44:23,225,62000,62641,750,8:44:23,1000,62000,63093,30,8:44:23,359,60619,63500,30,8:49:03,35850,60205,63555,4020
129,1397/7/17 8:49:40,0,62205,192554,62205,62205,98305,8:44:23,225,62000,62641,750,8:44:23,1000,62000,63093,30,8:44:23,359,60619,63500,30,8:49:03,35850,60205,63555,4020
130,1397/7/17 8:49:42,0,62205,192585,62205,62205,98305,8:44:23,225,62000,62641,750,8:44:23,1000,62000,63093,30,8:44:23,359,60619,63500,30,8:49:03,35850,60205,63555,4020
131,1397/7/17 8:49:54,0,62205,192585,62205,62205,118305,8:44:23,225,62000,62641,750,8:44:23,1000,62000,63093,30,8:44:23,359,60619,63500,30,8:49:03,35850,60205,63555,4020
132,1397/7/17 8:49:54,0,62205,192585,62205,62205,118305,8:50:14,800,62001,62641,750,8:50:14,225,62001,63093,30,8:50:14,1000,60620,63500,30,8:50:14,359,60619,63555,4020
133,1397/7/17 8:49:54,0,62205,192585,62205,62205,118305,8:50:14,800,62001,62641,750,8:50:14,225,62001,63093,30,8:50:18,2000,60620,63500,30,8:50:14,359,60619,63555,4020
134,1397/7/17 8:49:54,0,62205,192585,62205,62205,118305,8:50:21,820,62001,62641,750,8:50:14,225,62001,63093,30,8:50:18,2000,60620,63500,30,8:50:14,359,60619,63555,4020
135,1397/7/17 8:51:09,0,62205,192585,62205,62205,118493,8:50:21,820,62001,62641,750,8:50:14,225,62001,63093,30,8:50:18,2000,60620,63500,30,8:50:14,359,60619,63555,4020
136,1397/7/17 8:51:09,0,62205,192585,62205,62205,118493,8:50:21,820,62001,62641,750,8:50:14,225,62001,63093,30,8:51:11,3000,60621,63500,30,8:51:11,2000,60620,63555,4020
137,1397/7/17 8:51:15,0,62205,191674,62205,62205,118493,8:50:21,820,62001,62641,750,8:50:14,225,62001,63093,30,8:51:11,3000,60621,63500,30,8:51:11,2000,60620,63555,4020
138,1397/7/17 8:51:26,0,62205,191674,62205,62205,118716,8:50:21,820,62001,62641,750,8:50:14,225,62001,63093,30,8:51:11,3000,60621,63500,30,8:51:11,2000,60620,63555,4020
139,1397/7/17 8:51:27,0,62205,191674,62205,62205,118981,8:50:21,820,62001,62641,750,8:50:14,225,62001,63093,30,8:51:11,3000,60621,63500,30,8:51:11,2000,60620,63555,4020
140,1397/7/17 8:51:42,0,62205,191655,62205,62205,118981,8:50:21,820,62001,62641,750,8:50:14,225,62001,63093,30,8:51:11,3000,60621,63500,30,8:51:11,2000,60620,63555,4020
141,1397/7/17 8:51:43,0,62205,194655,62205,62205,118981,8:50:21,820,62001,62641,750,8:50:14,225,62001,63093,30,8:51:11,3000,60621,63500,30,8:51:11,2000,60620,63555,4020
142,1397/7/17 8:51:55,0,62205,197655,62205,62205,118981,8:50:21,820,62001,62641,750,8:50:14,225,62001,63093,30,8:51:11,3000,60621,63500,30,8:51:11,2000,60620,63555,4020
143,1397/7/17 8:52:18,0,62205,197655,62205,62205,123981,8:50:21,820,62001,62641,750,8:50:14,225,62001,63093,30,8:51:11,3000,60621,63500,30,8:51:11,2000,60620,63555,4020
144,1397/7/17 8:52:29,0,62205,197720,62205,62205,123981,8:50:21,820,62001,62641,750,8:50:14,225,62001,63093,30,8:51:11,3000,60621,63500,30,8:51:11,2000,60620,63555,4020
145,1397/7/17 8:52:33,0,62205,197720,62205,62205,125568,8:50:21,820,62001,62641,750,8:50:14,225,62001,63093,30,8:51:11,3000,60621,63500,30,8:51:11,2000,60620,63555,4020
146,1397/7/17 8:53:02,0,62205,197737,62205,62205,125568,8:50:21,820,62001,62641,750,8:50:14,225,62001,63093,30,8:51:11,3000,60621,63500,30,8:51:11,2000,60620,63555,4020
147,1397/7/17 8:53:26,0,62205,197737,62205,62205,125868,8:50:21,820,62001,62641,750,8:50:14,225,62001,63093,30,8:51:11,3000,60621,63500,30,8:51:11,2000,60620,63555,4020
148,1397/7/17 8:53:26,0,62205,197737,62205,62205,125868,8:50:21,820,62001,62641,750,8:53:58,625,62001,63093,30,8:51:11,3000,60621,63500,30,8:51:11,2000,60620,63555,4020
149,1397/7/17 8:54:00,0,62205,197714,62205,62205,125868,8:50:21,820,62001,62641,750,8:53:58,625,62001,63093,30,8:54:00,23,61500,63500,30,8:54:00,3000,60621,63555,4020
150,1397/7/17 8:54:00,0,62205,197714,62205,62205,125868,8:50:21,820,62001,62641,750,8:53:58,625,62001,63093,30,8:54:00,23,61500,63500,30,8:54:08,10000,60906,63555,4020
151,1397/7/17 8:54:16,0,62205,197714,62205,62205,126268,8:50:21,820,62001,62641,750,8:53:58,625,62001,63093,30,8:54:00,23,61500,63500,30,8:54:08,10000,60906,63555,4020
152,1397/7/17 8:54:21,0,62205,195214,62205,62205,126268,8:50:21,820,62001,62641,750,8:54:21,3125,62001,63093,30,8:54:00,23,61500,63500,30,8:54:08,10000,60906,63555,4020
153,1397/7/17 8:54:21,0,62205,195214,62205,62205,126268,8:50:21,820,62001,62641,750,8:54:41,625,62001,63093,30,8:54:41,2523,61500,63500,30,8:54:08,10000,60906,63555,4020
154,1397/7/17 8:54:45,0,62205,200214,62205,62205,126268,8:50:21,820,62001,62641,750,8:54:41,625,62001,63093,30,8:54:41,2523,61500,63500,30,8:54:08,10000,60906,63555,4020
155,1397/7/17 8:55:31,0,62205,200195,62205,62205,126268,8:50:21,820,62001,62641,750,8:54:41,625,62001,63093,30,8:54:41,2523,61500,63500,30,8:54:08,10000,60906,63555,4020
156,1397/7/17 8:55:33,0,62205,199995,62205,62205,126268,8:50:21,820,62001,62641,750,8:54:41,625,62001,63093,30,8:54:41,2523,61500,63500,30,8:54:08,10000,60906,63555,4020
157,1397/7/17 8:55:55,0,62205,199995,62205,62205,126278,8:50:21,820,62001,62641,750,8:54:41,625,62001,63093,30,8:54:41,2523,61500,63500,30,8:54:08,10000,60906,63555,4020
158,1397/7/17 8:55:59,0,62205,200792,62205,62205,126278,8:50:21,820,62001,62641,750,8:54:41,625,62001,63093,30,8:54:41,2523,61500,63500,30,8:54:08,10000,60906,63555,4020
159,1397/7/17 8:56:06,0,62205,200792,62205,62205,126598,8:50:21,820,62001,62641,750,8:54:41,625,62001,63093,30,8:54:41,2523,61500,63500,30,8:54:08,10000,60906,63555,4020
160,1397/7/17 8:56:08,0,62205,198522,62205,62205,126598,8:50:21,820,62001,62641,750,8:54:41,625,62001,63093,30,8:54:41,2523,61500,63500,30,8:54:08,10000,60906,63555,4020
161,1397/7/17 8:56:16,0,62205,198522,62205,62205,133598,8:50:21,820,62001,62641,750,8:54:41,625,62001,63093,30,8:54:41,2523,61500,63500,30,8:54:08,10000,60906,63555,4020
162,1397/7/17 8:56:33,0,62205,198682,62205,62205,133598,8:50:21,820,62001,62641,750,8:54:41,625,62001,63093,30,8:54:41,2523,61500,63500,30,8:54:08,10000,60906,63555,4020
163,1397/7/17 8:56:34,0,62205,198702,62205,62205,133598,8:50:21,820,62001,62641,750,8:54:41,625,62001,63093,30,8:54:41,2523,61500,63500,30,8:54:08,10000,60906,63555,4020
164,1397/7/17 8:56:35,0,62205,200702,62205,62205,133598,8:50:21,820,62001,62641,750,8:54:41,625,62001,63093,30,8:54:41,2523,61500,63500,30,8:54:08,10000,60906,63555,4020
165,1397/7/17 8:56:35,0,62205,200702,62205,62205,133598,8:50:21,820,62001,62641,750,8:54:41,625,62001,63093,30,8:54:41,2523,61500,63500,30,8:56:51,18000,61000,63555,4020
166,1397/7/17 8:56:52,0,62205,200722,62205,62205,133598,8:50:21,820,62001,62641,750,8:54:41,625,62001,63093,30,8:54:41,2523,61500,63500,30,8:56:51,18000,61000,63555,4020
167,1397/7/17 8:57:12,0,62205,200722,62205,62205,133812,8:50:21,820,62001,62641,750,8:54:41,625,62001,63093,30,8:54:41,2523,61500,63500,30,8:56:51,18000,61000,63555,4020
168,1397/7/17 8:57:14,0,62205,195722,62205,62205,133812,8:50:21,820,62001,62641,750,8:54:41,625,62001,63093,30,8:54:41,2523,61500,63500,30,8:56:51,18000,61000,63555,4020
169,1397/7/17 8:57:23,0,62205,195022,62205,62205,133812,8:50:21,820,62001,62641,750,8:54:41,625,62001,63093,30,8:54:41,2523,61500,63500,30,8:56:51,18000,61000,63555,4020
170,1397/7/17 8:57:29,0,62205,195022,62205,62205,136812,8:50:21,820,62001,62641,750,8:54:41,625,62001,63093,30,8:54:41,2523,61500,63500,30,8:56:51,18000,61000,63555,4020
171,1397/7/17 8:57:33,0,62205,195022,62205,62205,151812,8:50:21,820,62001,62641,750,8:54:41,625,62001,63093,30,8:54:41,2523,61500,63500,30,8:56:51,18000,61000,63555,4020
172,1397/7/17 8:57:42,0,62205,95022,62205,62205,151812,8:50:21,820,62001,62641,750,8:54:41,625,62001,63093,30,8:54:41,2523,61500,63500,30,8:56:51,18000,61000,63555,4020
173,1397/7/17 8:57:44,0,62205,63031,62205,62205,151812,8:50:21,820,62001,62641,750,8:54:41,625,62001,63093,30,8:54:41,2523,61500,63500,30,8:57:44,42000,61000,63555,4020
174,1397/7/17 8:57:45,0,62205,60031,62205,62205,151812,8:50:21,820,62001,62641,750,8:54:41,625,62001,63093,30,8:54:41,2523,61500,63500,30,8:57:44,42000,61000,63555,4020
175,1397/7/17 8:57:47,0,62205,54631,62205,62205,151812,8:50:21,820,62001,62641,750,8:54:41,625,62001,63093,30,8:54:41,2523,61500,63500,30,8:57:44,42000,61000,63555,4020
176,1397/7/17 8:57:57,0,62205,51631,62205,62205,151812,8:50:21,820,62001,62641,750,8:54:41,625,62001,63093,30,8:54:41,2523,61500,63500,30,8:57:44,42000,61000,63555,4020
177,1397/7/17 8:58:02,0,62205,43631,62205,62205,151812,8:50:21,820,62001,62641,750,8:54:41,625,62001,63093,30,8:54:41,2523,61500,63500,30,8:57:44,42000,61000,63555,4020
178,1397/7/17 8:58:15,0,62205,43631,62205,62205,152412,8:50:21,820,62001,62641,750,8:54:41,625,62001,63093,30,8:54:41,2523,61500,63500,30,8:57:44,42000,61000,63555,4020
179,1397/7/17 8:58:19,0,62205,37631,62205,62205,152412,8:50:21,820,62001,62641,750,8:54:41,625,62001,63093,30,8:54:41,2523,61500,63500,30,8:57:44,42000,61000,63555,4020
180,1397/7/17 8:58:23,0,62204,37631,62204,62204,29052,8:58:23,820,62001,62205,123360,8:58:23,625,62001,62641,750,8:58:23,2523,61500,63093,30,8:58:23,42000,61000,63500,30
181,1397/7/17 8:58:24,0,62204,38631,62204,62204,29052,8:58:23,820,62001,62205,123360,8:58:23,625,62001,62641,750,8:58:23,2523,61500,63093,30,8:58:23,42000,61000,63500,30
182,1397/7/17 8:58:36,0,62204,37631,62204,62204,29052,8:58:23,820,62001,62205,123360,8:58:23,625,62001,62641,750,8:58:23,2523,61500,63093,30,8:58:23,42000,61000,63500,30
183,1397/7/17 8:58:36,0,62204,37631,62204,62204,29052,8:58:37,820,62001,62205,128974,8:58:23,625,62001,62641,750,8:58:23,2523,61500,63093,30,8:58:23,42000,61000,63500,30
184,1397/7/17 8:58:38,0,62204,37631,62204,62204,29652,8:58:38,820,62001,62205,128374,8:58:23,625,62001,62641,750,8:58:23,2523,61500,63093,30,8:58:23,42000,61000,63500,30
185,1397/7/17 8:58:50,0,62204,37631,62204,62204,29852,8:58:38,820,62001,62205,128374,8:58:23,625,62001,62641,750,8:58:23,2523,61500,63093,30,8:58:23,42000,61000,63500,30
186,1397/7/17 8:58:52,0,62204,37631,62204,62204,30552,8:58:38,820,62001,62205,128374,8:58:23,625,62001,62641,750,8:58:23,2523,61500,63093,30,8:58:23,42000,61000,63500,30
187,1397/7/17 8:58:52,0,62204,37631,62204,62204,30552,8:58:38,820,62001,62205,128374,8:58:23,625,62001,62641,750,8:58:23,2523,61500,63093,30,8:58:58,45000,61000,63500,30
188,1397/7/17 8:58:59,0,62203,37631,62203,62203,41292,8:58:59,820,62001,62204,9260,8:58:59,625,62001,62205,108374,8:58:59,2523,61500,62641,750,8:58:59,45000,61000,63093,30
189,1397/7/17 8:58:59,0,62203,37631,62203,62203,41292,8:59:00,2000,62009,62204,9260,8:59:00,820,62009,62205,108374,8:59:00,625,62000,62641,750,8:59:00,2523,61500,63093,30
190,1397/7/17 8:59:01,0,62203,37331,62203,62203,41292,8:59:00,2000,62009,62204,9260,8:59:00,820,62009,62205,108374,8:59:00,625,62000,62641,750,8:59:00,2523,61500,63093,30
191,1397/7/17 8:59:03,0,62203,36081,62203,62203,41292,8:59:03,2000,62009,62204,10847,8:59:03,820,62009,62205,106787,8:59:00,625,62000,62641,750,8:59:00,2523,61500,63093,30
192,1397/7/17 8:59:10,0,62200,36081,62200,62200,28292,8:59:10,2000,62009,62203,20000,8:59:10,820,62009,62204,3847,8:59:10,625,62000,62205,106787,8:59:10,2523,61500,62641,750
193,1397/7/17 8:59:11,0,62200,36081,62200,62200,38481,8:59:10,2000,62009,62203,20000,8:59:10,820,62009,62204,3847,8:59:11,625,62000,62205,96598,8:59:10,2523,61500,62641,750
194,1397/7/17 8:59:17,0,62200,35921,62200,62200,38481,8:59:10,2000,62009,62203,20000,8:59:10,820,62009,62204,3847,8:59:11,625,62000,62205,96598,8:59:10,2523,61500,62641,750
195,1397/7/17 8:59:25,0,62200,35921,62200,62200,40068,8:59:10,2000,62009,62203,20000,8:59:25,820,62009,62204,2260,8:59:11,625,62000,62205,96598,8:59:10,2523,61500,62641,750
196,1397/7/17 8:59:27,0,62200,35901,62200,62200,42620,8:59:10,2000,62009,62203,20000,8:59:25,820,62009,62204,2260,8:59:11,625,62000,62205,96598,8:59:10,2523,61500,62641,750
197,1397/7/17 8:59:30,0,62200,35901,62200,62200,48620,8:59:10,2000,62009,62203,20000,8:59:25,820,62009,62204,2260,8:59:11,625,62000,62205,96598,8:59:10,2523,61500,62641,750
198,1397/7/17 8:59:35,0,62199,35901,62199,62199,26792,8:59:35,2000,62009,62200,31828,8:59:35,820,62009,62203,20000,8:59:35,625,62000,62204,2260,8:59:35,2523,61500,62205,96598
199,1397/7/17 8:59:35,0,62199,35901,62199,62199,26792,8:59:38,2000,62009,62200,32156,8:59:35,820,62009,62203,20000,8:59:35,625,62000,62204,2260,8:59:35,2523,61500,62205,96598
200,1397/7/17 8:59:39,0,62200,35901,62200,62200,51948,8:59:39,2000,62009,62203,20000,8:59:39,820,62009,62204,2260,8:59:39,625,62000,62205,96598,8:59:39,2523,61500,62641,750
201,1397/7/17 8:59:39,0,62200,35901,62200,62200,51948,8:59:43,4500,62009,62203,20000,8:59:39,820,62009,62204,2260,8:59:39,625,62000,62205,96598,8:59:43,23,61500,62641,750
202,1397/7/17 8:59:46,0,62200,35631,62200,62200,51948,8:59:43,4500,62009,62203,20000,8:59:39,820,62009,62204,2260,8:59:46,895,62000,62205,96598,8:59:43,23,61500,62641,750
203,1397/7/17 8:59:47,0,62200,34513,62200,62200,51948,8:59:43,4500,62009,62203,20000,8:59:39,820,62009,62204,2260,8:59:46,895,62000,62205,96598,8:59:43,23,61500,62641,750
204,1397/7/17 8:59:50,0,62198,34513,62198,62198,34792,8:59:50,4500,62009,62200,32156,8:59:50,820,62009,62203,20000,8:59:50,895,62000,62204,2260,8:59:50,23,61500,62205,81598
205,1397/7/17 8:59:50,0,62198,34513,62198,62198,34792,8:59:52,4660,62009,62200,32156,8:59:50,820,62009,62203,20000,8:59:50,895,62000,62204,2260,8:59:50,23,61500,62205,81598
206,1397/7/17 8:59:50,0,62198,34513,62198,62198,34792,8:59:53,4660,62009,62199,600,8:59:53,820,62009,62200,32156,8:59:53,895,62000,62203,20000,8:59:53,23,61500,62204,1660
207,1397/7/17 8:59:54,0,62198,34513,62198,62198,54792,8:59:53,4660,62009,62199,600,8:59:53,820,62009,62200,32156,8:59:54,895,62000,62204,1660,8:59:54,23,61500,62205,81598
208,1397/7/17 8:59:54,0,62198,34513,62198,62198,54792,8:59:56,4660,62009,62199,800,8:59:53,820,62009,62200,32156,8:59:56,895,62000,62204,1460,8:59:54,23,61500,62205,81598
209,1397/7/17 8:59:58,0,62198,34513,62198,62198,58392,8:59:56,4660,62009,62199,800,8:59:53,820,62009,62200,32156,8:59:56,895,62000,62204,1460,8:59:54,23,61500,62205,81598
210,1397/7/17 8:59:59,0,62172,34513,62172,62172,30792,8:59:59,4660,62009,62180,2600,8:59:59,820,62009,62198,35000,8:59:59,895,62000,62199,800,8:59:59,23,61500,62200,32156
211,1397/7/17 8:59:59,0,62172,34513,62172,62172,30792,8:59:59,4660,62009,62180,2600,9:00:01,820,62009,62198,36587,9:00:01,895,62000,62199,1078,9:00:01,23,61500,62200,30569
212,1397/7/17 8:59:59,0,62172,34513,62172,62172,30792,9:00:04,2160,62009,62180,2600,9:00:01,820,62009,62198,36587,9:00:01,895,62000,62199,1078,9:00:04,2523,61500,62200,30569
213,1397/7/17 8:59:59,0,62172,34513,62172,62172,30792,9:00:04,2160,62009,62180,2600,9:00:09,820,62009,62198,36775,9:00:01,895,62000,62199,1078,9:00:04,2523,61500,62200,30569
214,1397/7/17 9:00:11,0,62172,34448,62172,62172,35263,9:00:11,2160,62009,62198,36775,9:00:11,820,62009,62199,1078,9:00:11,895,62000,62200,30569,9:00:11,2523,61500,62204,1460
215,1397/7/17 9:00:12,0,62172,34416,62172,62172,35263,9:00:11,2160,62009,62198,36775,9:00:11,820,62009,62199,1078,9:00:11,895,62000,62200,30569,9:00:11,2523,61500,62204,1460
216,1397/7/17 9:00:30,163,62090,2160,62009,62172,9247,9:00:30,820,62001,62198,36775,9:00:30,895,62001,62199,1078,9:00:30,2523,61500,62200,30569,9:00:30,3500,61001,62204,1460
217,1397/7/17 9:00:45,163,62090,2160,62009,62172,9427,9:00:30,820,62001,62198,36775,9:00:30,895,62001,62199,1078,9:00:30,2523,61500,62200,30569,9:00:30,3500,61001,62204,1460
218,1397/7/17 9:00:51,163,62090,2160,62009,62172,11014,9:00:51,820,62001,62198,35188,9:00:30,895,62001,62199,1078,9:00:30,2523,61500,62200,30569,9:00:30,3500,61001,62204,1460
219,1397/7/17 9:00:53,161,62089,2160,62009,62170,223,9:00:53,820,62001,62172,11014,9:00:53,895,62001,62198,35188,9:00:53,2523,61500,62199,1078,9:00:53,3500,61001,62200,30569
220,1397/7/17 9:00:53,161,62089,2160,62009,62170,223,9:00:55,820,62001,62172,11202,9:00:55,895,62001,62198,35000,9:00:53,2523,61500,62199,1078,9:00:53,3500,61001,62200,30569
221,1397/7/17 9:01:00,163,62090,2160,62009,62172,10425,9:01:00,820,62001,62198,35000,9:01:00,895,62001,62199,1078,9:01:00,2523,61500,62200,30569,9:01:00,3500,61001,62204,1460
222,1397/7/17 9:01:00,163,62090,2160,62009,62172,10425,9:01:00,820,62001,62198,35000,9:01:00,895,62001,62199,1078,9:01:01,23,61500,62200,30569,9:01:00,3500,61001,62204,1460
223,1397/7/17 9:01:02,161,62089,2160,62009,62170,7000,9:01:02,820,62001,62172,10425,9:01:02,895,62001,62198,35000,9:01:02,23,61500,62199,1398,9:01:02,3500,61001,62200,23569
224,1397/7/17 9:01:03,161,62089,1160,62009,62170,7000,9:01:02,820,62001,62172,10425,9:01:02,895,62001,62198,35000,9:01:02,23,61500,62199,1398,9:01:02,3500,61001,62200,23569
225,1397/7/17 9:01:06,161,62089,1160,62009,62170,7400,9:01:02,820,62001,62172,10425,9:01:02,895,62001,62198,35000,9:01:02,23,61500,62199,1398,9:01:02,3500,61001,62200,23569
226,1397/7/17 9:01:06,161,62089,1160,62009,62170,7400,9:01:02,820,62001,62172,10425,9:01:10,625,62001,62198,35000,9:01:10,270,61900,62199,1398,9:01:10,23,61500,62200,23569
227,1397/7/17 9:01:17,161,62089,1160,62009,62170,8050,9:01:02,820,62001,62172,10425,9:01:10,625,62001,62198,35000,9:01:10,270,61900,62199,1398,9:01:10,23,61500,62200,23569
228,1397/7/17 9:01:18,70,62135,300,62100,62170,8050,9:01:18,1160,62009,62172,10425,9:01:18,820,62009,62198,35000,9:01:18,625,62000,62199,1398,9:01:18,270,61900,62200,23569
229,1397/7/17 9:01:18,70,62135,300,62100,62170,8050,9:01:19,1660,62009,62172,10425,9:01:18,820,62009,62198,35000,9:01:18,625,62000,62199,1398,9:01:18,270,61900,62200,23569
230,1397/7/17 9:01:24,70,62135,300,62100,62170,8250,9:01:19,1660,62009,62172,10425,9:01:18,820,62009,62198,35000,9:01:24,625,62000,62199,1198,9:01:18,270,61900,62200,23569
231,1397/7/17 9:01:28,60,62130,300,62100,62160,20000,9:01:28,1660,62009,62170,8250,9:01:28,820,62009,62172,10425,9:01:28,625,62000,62198,15000,9:01:28,270,61900,62199,1198
232,1397/7/17 9:01:28,60,62130,300,62100,62160,20000,9:01:28,1660,62009,62170,8250,9:01:35,800,62009,62172,10425,9:01:28,625,62000,62198,15000,9:01:28,270,61900,62199,1198
233,1397/7/17 9:01:28,60,62130,300,62100,62160,20000,9:01:43,3660,62009,62170,8250,9:01:35,800,62009,62172,10425,9:01:28,625,62000,62198,15000,9:01:28,270,61900,62199,1198
234,1397/7/17 9:01:46,91,62054,3660,62009,62100,350,9:01:46,800,62001,62160,20000,9:01:46,625,62001,62170,7600,9:01:46,270,61900,62172,10425,9:01:46,23,61500,62198,15000
235,1397/7/17 9:01:51,91,62054,3660,62009,62100,2350,9:01:46,800,62001,62160,20000,9:01:46,625,62001,62170,7600,9:01:46,270,61900,62172,10425,9:01:46,23,61500,62198,15000
236,1397/7/17 9:01:58,91,62054,3660,62009,62100,2270,9:01:46,800,62001,62160,20000,9:01:46,625,62001,62170,7600,9:01:46,270,61900,62172,10425,9:01:46,23,61500,62198,15000
237,1397/7/17 9:01:58,91,62054,3660,62009,62100,2270,9:01:46,800,62001,62160,20000,9:01:46,625,62001,62170,7600,9:01:46,270,61900,62172,10425,9:01:59,2523,61500,62198,15000
238,1397/7/17 9:02:03,91,62054,3460,62009,62100,2270,9:01:46,800,62001,62160,20000,9:01:46,625,62001,62170,7600,9:01:46,270,61900,62172,10425,9:01:59,2523,61500,62198,15000
239,1397/7/17 9:02:07,91,62054,3460,62009,62100,1770,9:01:46,800,62001,62160,20000,9:01:46,625,62001,62170,7600,9:01:46,270,61900,62172,10425,9:01:59,2523,61500,62198,15000
240,1397/7/17 9:02:08,91,62054,2860,62009,62100,1770,9:01:46,800,62001,62160,20000,9:01:46,625,62001,62170,7600,9:01:46,270,61900,62172,10425,9:01:59,2523,61500,62198,15000
241,1397/7/17 9:02:09,91,62054,2660,62009,62100,1770,9:01:46,800,62001,62160,20000,9:02:09,625,62001,62170,7400,9:01:46,270,61900,62172,10425,9:01:59,2523,61500,62198,15000
242,1397/7/17 9:02:09,91,62054,2660,62009,62100,1770,9:02:10,800,62001,62159,400,9:02:10,625,62001,62160,20000,9:02:10,270,61900,62170,7000,9:02:10,2523,61500,62172,10425
243,1397/7/17 9:02:11,91,62054,2382,62009,62100,1770,9:02:10,800,62001,62159,400,9:02:10,625,62001,62160,20000,9:02:10,270,61900,62170,7000,9:02:10,2523,61500,62172,10425
244,1397/7/17 9:02:11,91,62054,2382,62009,62100,1770,9:02:10,800,62001,62159,400,9:02:10,625,62001,62160,20000,9:02:10,270,61900,62170,7000,9:02:14,2570,61500,62172,10425
245,1397/7/17 9:02:16,8,62005,800,62001,62009,718,9:02:16,625,62000,62100,1770,9:02:16,270,62000,62159,400,9:02:16,2570,61500,62160,20000,9:02:16,3500,61001,62170,7000
246,1397/7/17 9:02:18,8,62005,800,62001,62009,2305,9:02:16,625,62000,62100,1770,9:02:16,270,62000,62159,400,9:02:16,2570,61500,62160,20000,9:02:16,3500,61001,62170,7000
247,1397/7/17 9:02:18,8,62005,800,62001,62009,2305,9:02:19,625,62000,62159,400,9:02:19,270,62000,62160,20000,9:02:19,2570,61500,62170,7000,9:02:19,3500,61001,62172,8838
248,1397/7/17 9:02:23,8,62005,406,62001,62009,2305,9:02:19,625,62000,62159,400,9:02:19,270,62000,62160,20000,9:02:19,2570,61500,62170,7000,9:02:23,3500,61001,62172,8658
249,1397/7/17 9:02:25,8,62005,406,62001,62009,2405,9:02:19,625,62000,62159,400,9:02:19,270,62000,62160,20000,9:02:19,2570,61500,62170,7000,9:02:23,3500,61001,62172,8658
250,1397/7/17 9:02:29,100,61950,270,61900,62000,969,9:02:29,2570,61500,62009,2405,9:02:29,3500,61500,62159,400,9:02:29,45020,61000,62160,20000,9:02:29,10000,60906,62170,7000
251,1397/7/17 9:02:32,100,61950,270,61900,62000,20969,9:02:29,2570,61500,62009,2405,9:02:29,3500,61500,62159,400,9:02:32,45020,61000,62170,7000,9:02:32,10000,60906,62172,8470
252,1397/7/17 9:02:33,100,61950,270,61900,62000,20869,9:02:29,2570,61500,62009,2405,9:02:29,3500,61500,62159,400,9:02:32,45020,61000,62170,7000,9:02:32,10000,60906,62172,8470
253,1397/7/17 9:02:35,500,61750,2570,61500,62000,20869,9:02:35,3500,61001,62009,2405,9:02:35,45020,61001,62159,400,9:02:35,10000,60906,62170,7000,9:02:35,3000,60621,62172,8470
254,1397/7/17 9:02:42,500,61750,2570,61500,62000,20837,9:02:35,3500,61001,62009,2405,9:02:35,45020,61001,62159,400,9:02:42,10000,60906,62169,5000,9:02:42,3000,60621,62170,7000
255,1397/7/17 9:02:47,500,61750,70,61500,62000,20837,9:02:35,3500,61001,62009,2405,9:02:47,47520,61001,62159,400,9:02:42,10000,60906,62169,5000,9:02:42,3000,60621,62170,7000
256,1397/7/17 9:02:49,500,61750,70,61500,62000,22337,9:02:35,3500,61001,62009,2405,9:02:47,47520,61001,62159,400,9:02:42,10000,60906,62169,5000,9:02:42,3000,60621,62170,7000
257,1397/7/17 9:02:54,500,61750,70,61500,62000,29337,9:02:35,3500,61001,62009,2405,9:02:47,47520,61001,62159,400,9:02:42,10000,60906,62169,5000,9:02:54,3000,60621,62172,8470
258,1397/7/17 9:02:54,500,61750,70,61500,62000,29337,9:03:00,2500,61002,62009,2405,9:03:00,3500,61002,62159,400,9:03:00,45020,61000,62169,5000,9:03:00,10000,60906,62172,8470
259,1397/7/17 9:03:03,498,61251,2500,61002,61500,180,9:03:03,3500,61001,62000,29337,9:03:03,45020,61001,62009,2405,9:03:03,10000,60906,62159,400,9:03:03,3000,60621,62169,5000
260,1397/7/17 9:03:03,498,61251,2500,61002,61500,180,9:03:05,3500,61001,62000,9337,9:03:03,45020,61001,62009,2405,9:03:03,10000,60906,62159,400,9:03:03,3000,60621,62169,5000
261,1397/7/17 9:03:06,998,61501,2500,61002,62000,7517,9:03:06,3500,61001,62009,2405,9:03:06,45020,61001,62159,400,9:03:06,10000,60906,62169,5000,9:03:06,3000,60621,62172,8470
262,1397/7/17 9:03:11,400,61800,11310,61600,62000,7517,9:03:11,2500,61002,62009,2405,9:03:11,3500,61002,62159,400,9:03:11,45020,61000,62169,5000,9:03:11,10000,60906,62172,8470
263,1397/7/17 9:03:18,998,61501,2500,61002,62000,7517,9:03:18,3500,61001,62009,2405,9:03:18,45020,61001,62159,400,9:03:18,10000,60906,62169,5000,9:03:18,3000,60621,62172,8470
264,1397/7/17 9:03:19,598,61301,2500,61002,61600,400,9:03:19,3500,61001,62000,7517,9:03:19,45020,61001,62009,2405,9:03:18,10000,60906,62169,5000,9:03:18,3000,60621,62172,8470
265,1397/7/17 9:03:23,100,61550,275,61500,61600,400,9:03:23,2500,61002,62000,7517,9:03:23,3500,61002,62009,2405,9:03:23,45020,61000,62169,5000,9:03:23,10000,60906,62172,8470
266,1397/7/17 9:03:28,100,61550,359,61500,61600,400,9:03:23,2500,61002,62000,7517,9:03:23,3500,61002,62009,2405,9:03:23,45020,61000,62169,5000,9:03:23,10000,60906,62172,8470
267,1397/7/17 9:03:35,99,61550,2500,61501,61600,400,9:03:35,359,61500,62000,7517,9:03:35,2500,61500,62009,2405,9:03:35,3500,61001,62169,5000,9:03:35,45020,61000,62172,8470
268,1397/7/17 9:03:35,99,61550,2500,61501,61600,400,9:03:36,359,61500,62000,17706,9:03:35,2500,61500,62009,2405,9:03:35,3500,61001,62169,5000,9:03:35,45020,61000,62172,8470
269,1397/7/17 9:03:35,99,61550,2500,61501,61600,400,9:03:36,359,61500,62000,17706,9:03:35,2500,61500,62009,2405,9:03:37,3500,61001,62171,5000,9:03:35,45020,61000,62172,8470
270,1397/7/17 9:03:43,99,61550,2500,61501,61600,824,9:03:43,359,61500,62000,17706,9:03:43,2500,61500,62009,2405,9:03:43,3500,61001,62171,5000,9:03:43,45020,61000,62172,8470
271,1397/7/17 9:03:43,99,61550,2500,61501,61600,824,9:03:43,359,61500,62000,17706,9:03:46,4500,61500,62009,2405,9:03:43,3500,61001,62171,5000,9:03:43,45020,61000,62172,8470
272,1397/7/17 9:03:47,99,61550,2500,61501,61600,624,9:03:43,359,61500,62000,17706,9:03:46,4500,61500,62009,2405,9:03:43,3500,61001,62171,5000,9:03:43,45020,61000,62172,8470
273,1397/7/17 9:03:49,99,61550,2500,61501,61600,605,9:03:43,359,61500,62000,17706,9:03:46,4500,61500,62009,2405,9:03:43,3500,61001,62171,5000,9:03:49,45520,61000,62172,8470
274,1397/7/17 9:03:55,498,61251,4500,61002,61500,27141,9:03:55,3500,61001,61600,605,9:03:55,45520,61001,62000,18406,9:03:55,10000,60906,62009,2405,9:03:55,3000,60621,62171,5000
275,1397/7/17 9:04:05,498,61251,4500,61002,61500,15822,9:03:55,3500,61001,61600,605,9:03:55,45520,61001,62000,18406,9:03:55,10000,60906,62009,2405,9:03:55,3000,60621,62171,5000
276,1397/7/17 9:04:11,50,61475,80,61450,61500,15822,9:04:11,4500,61002,61600,605,9:04:11,3500,61002,62000,18406,9:04:11,45520,61000,62009,2405,9:04:11,10000,60906,62171,5000
277,1397/7/17 9:04:20,498,61251,4500,61002,61500,15822,9:04:20,3500,61001,61600,605,9:04:20,45520,61001,62000,18406,9:04:20,10000,60906,62009,2405,9:04:20,3000,60621,62171,5000
278,1397/7/17 9:04:27,498,61251,4500,61002,61500,15917,9:04:20,3500,61001,61600,605,9:04:20,45520,61001,62000,18406,9:04:20,10000,60906,62009,2405,9:04:20,3000,60621,62171,5000
279,1397/7/17 9:04:28,498,61251,4500,61002,61500,15817,9:04:20,3500,61001,61600,605,9:04:20,45520,61001,62000,18406,9:04:20,10000,60906,62009,2405,9:04:20,3000,60621,62171,5000
280,1397/7/17 9:04:39,498,61251,4500,61002,61500,15641,9:04:20,3500,61001,61600,605,9:04:20,45520,61001,62000,18406,9:04:20,10000,60906,62009,2405,9:04:20,3000,60621,62171,5000
281,1397/7/17 9:04:43,448,61226,4500,61002,61450,188,9:04:43,3500,61001,61500,15641,9:04:43,45520,61001,61600,605,9:04:43,10000,60906,62000,18406,9:04:43,3000,60621,62009,2405
282,1397/7/17 9:04:44,448,61226,4625,61002,61450,188,9:04:43,3500,61001,61500,15641,9:04:43,45520,61001,61600,605,9:04:43,10000,60906,62000,18406,9:04:43,3000,60621,62009,2405
283,1397/7/17 9:04:51,448,61226,4625,61002,61450,88,9:04:43,3500,61001,61500,15641,9:04:51,45650,61001,61600,605,9:04:43,10000,60906,62000,18406,9:04:43,3000,60621,62009,2405
284,1397/7/17 9:04:52,448,61226,6625,61002,61450,88,9:04:43,3500,61001,61500,15641,9:04:51,45650,61001,61600,605,9:04:43,10000,60906,62000,18406,9:04:43,3000,60621,62009,2405
285,1397/7/17 9:04:52,448,61226,6625,61002,61450,88,9:04:54,3500,61001,61500,15546,9:04:51,45650,61001,61600,605,9:04:43,10000,60906,62000,18406,9:04:43,3000,60621,62009,2405
286,1397/7/17 9:04:58,50,61475,12,61450,61500,15546,9:04:58,6625,61002,61600,605,9:04:58,3500,61002,62000,18406,9:04:58,45650,61000,62009,2405,9:04:58,10000,60906,62171,6871
287,1397/7/17 9:04:58,50,61475,12,61450,61500,15546,9:05:09,7125,61002,61600,605,9:04:58,3500,61002,62000,18406,9:04:58,45650,61000,62009,2405,9:04:58,10000,60906,62171,6871
288,1397/7/17 9:05:15,50,61475,12,61450,61500,15586,9:05:09,7125,61002,61600,605,9:04:58,3500,61002,62000,18406,9:04:58,45650,61000,62009,2405,9:04:58,10000,60906,62171,6871
289,1397/7/17 9:05:15,50,61475,12,61450,61500,15586,9:05:18,7156,61002,61600,605,9:04:58,3500,61002,62000,18406,9:04:58,45650,61000,62009,2405,9:04:58,10000,60906,62171,6871
290,1397/7/17 9:05:15,50,61475,12,61450,61500,15586,9:05:18,7156,61002,61600,605,9:05:21,3500,61002,61999,20000,9:05:21,45650,61000,62000,18406,9:05:21,10000,60906,62009,2405
291,1397/7/17 9:05:28,50,61475,12,61450,61500,16530,9:05:18,7156,61002,61600,605,9:05:21,3500,61002,61999,20000,9:05:21,45650,61000,62000,18406,9:05:21,10000,60906,62009,2405
292,1397/7/17 9:05:28,50,61475,12,61450,61500,16530,9:05:18,7156,61002,61600,605,9:05:21,3500,61002,61999,20000,9:05:30,47945,61000,62000,18406,9:05:21,10000,60906,62009,2405
293,1397/7/17 9:05:41,50,61475,12,61450,61500,16230,9:05:18,7156,61002,61600,605,9:05:21,3500,61002,61999,20000,9:05:30,47945,61000,62000,18406,9:05:21,10000,60906,62009,2405
294,1397/7/17 9:05:41,50,61475,12,61450,61500,16230,9:05:53,10156,61002,61600,605,9:05:21,3500,61002,61999,20000,9:05:30,47945,61000,62000,18406,9:05:21,10000,60906,62009,2405
295,1397/7/17 9:06:03,94,60953,10000,60906,61000,21887,9:06:03,3000,60621,61500,16230,9:06:03,3959,60621,61600,605,9:06:03,80,60500,61999,20000,9:06:03,1850,60205,62000,18406
296,1397/7/17 9:06:12,94,60953,10000,60906,61000,21737,9:06:03,3000,60621,61500,16230,9:06:03,3959,60621,61600,605,9:06:03,80,60500,61999,20000,9:06:03,1850,60205,62000,18406
297,1397/7/17 9:06:12,94,60953,10000,60906,61000,21737,9:06:03,3000,60621,61500,16230,9:06:03,3959,60621,61600,605,9:06:14,80,60500,61900,30000,9:06:14,1850,60205,61999,20000
298,1397/7/17 9:06:12,94,60953,10000,60906,61000,21737,9:06:32,3000,60621,61500,15286,9:06:03,3959,60621,61600,605,9:06:14,80,60500,61900,30000,9:06:14,1850,60205,61999,20000
299,1397/7/17 9:07:04,94,60953,10000,60906,61000,11587,9:06:32,3000,60621,61500,15286,9:07:04,459,60621,61600,605,9:06:14,80,60500,61900,30000,9:06:14,1850,60205,61999,20000
300,1397/7/17 9:07:04,94,60953,10000,60906,61000,11587,9:06:32,3000,60621,61500,15286,9:07:04,459,60621,61600,605,9:06:14,80,60500,61900,30000,9:07:06,1877,60205,61999,20000
301,1397/7/17 9:07:08,92,60954,50,60908,61000,11587,9:07:08,10000,60906,61500,15286,9:07:08,3000,60906,61600,605,9:07:08,459,60619,61900,30000,9:07:08,80,60500,61999,20000
302,1397/7/17 9:07:24,92,60954,50,60908,61000,11561,9:07:08,10000,60906,61500,15286,9:07:08,3000,60906,61600,605,9:07:08,459,60619,61900,30000,9:07:08,80,60500,61999,20000
303,1397/7/17 9:07:32,92,60954,50,60908,61000,11537,9:07:08,10000,60906,61500,15286,9:07:08,3000,60906,61600,605,9:07:08,459,60619,61900,30000,9:07:08,80,60500,61999,20000
304,1397/7/17 9:07:36,2,60907,10000,60906,60908,1950,9:07:36,3000,60621,61000,11537,9:07:36,459,60621,61500,15286,9:07:36,80,60500,61600,605,9:07:36,1877,60205,61900,30000
305,1397/7/17 9:07:48,2,60907,8230,60906,60908,1950,9:07:36,3000,60621,61000,11537,9:07:36,459,60621,61500,15286,9:07:36,80,60500,61600,605,9:07:36,1877,60205,61900,30000
306,1397/7/17 9:07:50,1,60907,300,60907,60908,1950,9:07:50,8230,60906,61000,11537,9:07:50,3000,60906,61500,15286,9:07:50,459,60619,61600,605,9:07:50,80,60500,61900,30000
307,1397/7/17 9:07:50,1,60907,300,60907,60908,1950,9:07:50,8230,60906,61000,11537,9:07:50,3000,60906,61500,15286,9:07:50,459,60619,61600,605,9:08:03,104,60500,61900,30000
308,1397/7/17 9:08:18,1,60907,300,60907,60908,1750,9:07:50,8230,60906,61000,11537,9:07:50,3000,60906,61500,15286,9:07:50,459,60619,61600,605,9:08:03,104,60500,61900,30000
309,1397/7/17 9:08:18,1,60907,300,60907,60908,1750,9:07:50,8230,60906,61000,11537,9:08:22,50,60906,61500,15286,9:08:22,1313,60625,61600,605,9:08:22,3000,60621,61900,30000
310,1397/7/17 9:08:35,1,60907,300,60907,60908,1550,9:07:50,8230,60906,61000,11537,9:08:22,50,60906,61500,15286,9:08:22,1313,60625,61600,605,9:08:22,3000,60621,61900,30000
311,1397/7/17 9:08:35,1,60907,300,60907,60908,1550,9:07:50,8230,60906,61000,11537,9:08:37,100,60906,61500,15286,9:08:22,1313,60625,61600,605,9:08:22,3000,60621,61900,30000
312,1397/7/17 9:08:35,1,60907,300,60907,60908,1550,9:07:50,8230,60906,61000,11537,9:08:37,100,60906,61500,15286,9:08:22,1313,60625,61600,605,9:08:41,3100,60621,61900,30000
313,1397/7/17 9:08:42,93,60953,300,60907,61000,11537,9:08:42,8230,60906,61500,15286,9:08:42,100,60906,61600,605,9:08:42,1313,60625,61900,30000,9:08:42,3100,60621,61999,20000
314,1397/7/17 9:08:42,93,60953,300,60907,61000,11537,9:08:42,8230,60906,61500,15286,9:08:51,124,60906,61600,605,9:08:42,1313,60625,61900,30000,9:08:42,3100,60621,61999,20000
315,1397/7/17 9:08:42,93,60953,300,60907,61000,11537,9:08:42,8230,60906,61500,15286,9:08:53,224,60906,61600,605,9:08:42,1313,60625,61900,30000,9:08:42,3100,60621,61999,20000
316,1397/7/17 9:09:08,93,60953,300,60907,61000,11048,9:08:42,8230,60906,61500,15286,9:08:53,224,60906,61600,605,9:08:42,1313,60625,61900,30000,9:08:42,3100,60621,61999,20000
317,1397/7/17 9:09:16,92,60954,1715,60908,61000,11048,9:09:16,300,60907,61500,15286,9:09:16,8230,60907,61600,605,9:09:16,224,60900,61900,30000,9:09:16,1313,60625,61999,20000
318,1397/7/17 9:09:16,92,60954,1715,60908,61000,11048,9:09:16,300,60907,61500,15286,9:09:17,8311,60907,61600,605,9:09:16,224,60900,61900,30000,9:09:16,1313,60625,61999,20000
319,1397/7/17 9:09:22,92,60954,1688,60908,61000,11048,9:09:16,300,60907,61500,15286,9:09:17,8311,60907,61600,605,9:09:16,224,60900,61900,30000,9:09:16,1313,60625,61999,20000
320,1397/7/17 9:09:22,92,60954,1688,60908,61000,11048,9:09:16,300,60907,61500,15286,9:09:35,8361,60907,61600,605,9:09:35,174,60900,61900,30000,9:09:16,1313,60625,61999,20000
321,1397/7/17 9:09:36,92,60954,1688,60908,61000,9417,9:09:16,300,60907,61500,15286,9:09:35,8361,60907,61600,605,9:09:35,174,60900,61900,30000,9:09:16,1313,60625,61999,20000
322,1397/7/17 9:09:36,92,60954,1688,60908,61000,9417,9:09:16,300,60907,61500,15286,9:09:35,8361,60907,61600,605,9:09:35,174,60900,61900,30000,9:09:37,100,60630,61999,20000
323,1397/7/17 9:09:39,270,60765,100,60630,60900,19477,9:09:39,1313,60625,61000,9417,9:09:39,3200,60625,61500,15286,9:09:39,459,60619,61600,605,9:09:39,80,60500,61999,20000
324,1397/7/17 9:09:48,270,60765,100,60630,60900,9477,9:09:39,1313,60625,61000,9417,9:09:39,3200,60625,61500,15286,9:09:39,459,60619,61600,605,9:09:39,80,60500,61999,20000
325,1397/7/17 9:09:48,270,60765,100,60630,60900,9477,9:09:49,1392,60625,61000,9417,9:09:39,3200,60625,61500,15286,9:09:39,459,60619,61600,605,9:09:39,80,60500,61999,20000
326,1397/7/17 9:09:53,270,60765,200,60630,60900,9477,9:09:49,1392,60625,61000,9417,9:09:39,3200,60625,61500,15286,9:09:39,459,60619,61600,605,9:09:39,80,60500,61999,20000
327,1397/7/17 9:09:59,270,60765,3200,60630,60900,9477,9:09:49,1392,60625,61000,9417,9:09:59,200,60625,61500,15286,9:09:39,459,60619,61600,605,9:09:39,80,60500,61999,20000
328,1397/7/17 9:10:00,270,60765,8200,60630,60900,9477,9:09:49,1392,60625,61000,9417,9:09:59,200,60625,61500,15286,9:09:39,459,60619,61600,605,9:09:39,80,60500,61999,20000
329,1397/7/17 9:10:10,250,60775,100,60650,60900,9477,9:10:10,8200,60630,61000,9417,9:10:10,1392,60630,61500,15286,9:10:10,200,60621,61600,605,9:10:10,459,60619,61999,20000
330,1397/7/17 9:10:10,250,60775,100,60650,60900,9477,9:10:17,10200,60630,61000,9417,9:10:10,1392,60630,61500,15286,9:10:10,200,60621,61600,605,9:10:10,459,60619,61999,20000
331,1397/7/17 9:10:10,250,60775,100,60650,60900,9477,9:10:17,10200,60630,61000,9417,9:10:10,1392,60630,61500,15286,9:10:10,200,60621,61600,605,9:10:23,459,60619,61700,84
332,1397/7/17 9:10:28,20,60640,10200,60630,60650,844,9:10:28,1392,60625,60900,9477,9:10:28,200,60625,61000,9417,9:10:28,459,60619,61500,15286,9:10:28,80,60500,61600,605
333,1397/7/17 9:10:29,20,60640,10200,60630,60650,744,9:10:28,1392,60625,60900,9477,9:10:28,200,60625,61000,9417,9:10:28,459,60619,61500,15286,9:10:28,80,60500,61600,605
334,1397/7/17 9:10:39,250,60775,2256,60650,60900,9477,9:10:39,7200,60630,61000,9417,9:10:39,1392,60630,61500,15286,9:10:39,200,60621,61600,605,9:10:39,459,60619,61700,84
335,1397/7/17 9:10:39,250,60775,2256,60650,60900,9477,9:10:48,105,60631,61000,9417,9:10:48,7200,60631,61500,15286,9:10:48,1392,60625,61600,605,9:10:48,200,60621,61700,84
336,1397/7/17 9:10:51,230,60785,80,60670,60900,9477,9:10:51,2256,60650,61000,9417,9:10:51,105,60650,61500,15286,9:10:51,7200,60630,61600,605,9:10:51,1392,60625,61700,84
337,1397/7/17 9:10:51,230,60785,80,60670,60900,9477,9:10:53,2756,60650,61000,9417,9:10:51,105,60650,61500,15286,9:10:51,7200,60630,61600,605,9:10:51,1392,60625,61700,84
338,1397/7/17 9:11:01,229,60785,1313,60671,60900,9477,9:11:01,80,60670,61000,9417,9:11:01,2756,60670,61500,15286,9:11:01,105,60631,61600,605,9:11:01,7200,60630,61700,84
339,1397/7/17 9:11:01,229,60785,1313,60671,60900,9477,9:11:01,80,60670,61000,9417,9:11:01,2756,60670,61500,15286,9:11:01,105,60631,61600,605,9:11:06,7222,60630,61700,84
340,1397/7/17 9:11:01,229,60785,1313,60671,60900,9477,9:11:01,80,60670,61000,9417,9:11:01,2756,60670,61500,15286,9:11:01,105,60631,61600,605,9:11:08,2222,60630,61700,84
341,1397/7/17 9:11:01,229,60785,1313,60671,60900,9477,9:11:11,87,60670,61000,9417,9:11:01,2756,60670,61500,15286,9:11:01,105,60631,61600,605,9:11:08,2222,60630,61700,84
342,1397/7/17 9:11:01,229,60785,1313,60671,60900,9477,9:11:11,87,60670,61000,9417,9:11:19,3576,60670,61500,15286,9:11:01,105,60631,61600,605,9:11:08,2222,60630,61700,84
343,1397/7/17 9:11:20,229,60785,1313,60671,60900,9313,9:11:11,87,60670,61000,9417,9:11:19,3576,60670,61500,15286,9:11:01,105,60631,61600,605,9:11:08,2222,60630,61700,84
344,1397/7/17 9:11:27,229,60785,1313,60671,60900,7313,9:11:11,87,60670,61000,9417,9:11:19,3576,60670,61500,15286,9:11:01,105,60631,61600,605,9:11:27,222,60630,61700,84
345,1397/7/17 9:11:31,229,60785,1313,60671,60900,6813,9:11:11,87,60670,61000,9417,9:11:31,3076,60670,61500,15286,9:11:01,105,60631,61600,605,9:11:27,222,60630,61700,84
346,1397/7/17 9:11:32,228,60786,1648,60672,60900,6813,9:11:32,1313,60671,61000,9417,9:11:32,87,60671,61500,15286,9:11:32,3076,60650,61600,605,9:11:32,105,60631,61700,84
347,1397/7/17 9:11:32,228,60786,1648,60672,60900,6813,9:11:32,1313,60671,61000,9417,9:11:37,3163,60671,61500,15286,9:11:37,105,60631,61600,605,9:11:37,222,60630,61700,84
348,1397/7/17 9:11:32,228,60786,1648,60672,60900,6813,9:11:32,1313,60671,61000,9417,9:11:55,3263,60671,61500,15286,9:11:37,105,60631,61600,605,9:11:37,222,60630,61700,84
349,1397/7/17 9:11:56,228,60786,1648,60672,60900,6513,9:11:32,1313,60671,61000,9417,9:11:55,3263,60671,61500,15286,9:11:37,105,60631,61600,605,9:11:37,222,60630,61700,84
350,1397/7/17 9:12:00,228,60786,1648,60672,60900,27257,9:11:32,1313,60671,61000,9417,9:12:00,1007,60671,61500,15286,9:11:37,105,60631,61600,605,9:11:37,222,60630,61700,84
351,1397/7/17 9:12:00,228,60786,1648,60672,60900,27257,9:11:32,1313,60671,61000,9417,9:12:08,1092,60671,61500,15286,9:11:37,105,60631,61600,605,9:11:37,222,60630,61700,84
352,1397/7/17 9:12:09,228,60786,1748,60672,60900,27257,9:11:32,1313,60671,61000,9417,9:12:08,1092,60671,61500,15286,9:11:37,105,60631,61600,605,9:11:37,222,60630,61700,84
353,1397/7/17 9:12:11,200,60800,105,60700,60900,27257,9:12:11,50,60690,61000,9417,9:12:11,1748,60690,61500,15286,9:12:11,1313,60671,61700,84,9:12:11,1092,60650,61999,20000
354,1397/7/17 9:12:11,200,60800,105,60700,60900,27257,9:12:11,50,60690,61000,9417,9:12:11,1748,60690,61500,15286,9:12:11,1313,60671,61700,84,9:12:12,1114,60650,61999,20000
355,1397/7/17 9:12:43,200,60800,190,60700,60900,27257,9:12:11,50,60690,61000,9417,9:12:11,1748,60690,61500,15286,9:12:11,1313,60671,61700,84,9:12:43,1029,60650,61999,20000
356,1397/7/17 9:12:46,200,60800,190,60700,60900,27167,9:12:11,50,60690,61000,9417,9:12:11,1748,60690,61500,15286,9:12:11,1313,60671,61700,84,9:12:46,929,60650,61999,20000
357,1397/7/17 9:12:53,200,60800,190,60700,60900,28167,9:12:11,50,60690,61000,9417,9:12:11,1748,60690,61500,15286,9:12:11,1313,60671,61700,84,9:12:46,929,60650,61999,20000
358,1397/7/17 9:12:53,200,60800,190,60700,60900,28167,9:12:58,50,60690,61000,9616,9:12:11,1748,60690,61500,15286,9:12:11,1313,60671,61700,84,9:12:46,929,60650,61999,20000
359,1397/7/17 9:13:04,20,60890,50,60880,60900,28167,9:13:04,190,60700,61000,9616,9:12:11,1748,60700,61500,15286,9:12:11,1313,60671,61700,84,9:12:46,929,60650,61999,20000
360,1397/7/17 9:13:05,20,60890,50,60880,60900,28086,9:13:04,190,60700,61000,9616,9:12:11,1748,60700,61500,15286,9:12:11,1313,60671,61700,84,9:12:46,929,60650,61999,20000
361,1397/7/17 9:13:06,20,60890,50,60880,60900,27923,9:13:04,190,60700,61000,9616,9:12:11,1748,60700,61500,15286,9:12:11,1313,60671,61700,84,9:12:46,929,60650,61999,20000
362,1397/7/17 9:13:14,20,60890,50,60880,60900,27873,9:13:04,190,60700,61000,9616,9:12:11,1748,60700,61500,15286,9:12:11,1313,60671,61700,84,9:12:46,929,60650,61999,20000
363,1397/7/17 9:13:17,20,60890,50,60880,60900,27603,9:13:04,190,60700,61000,9616,9:12:11,1748,60700,61500,15286,9:12:11,1313,60671,61700,84,9:12:46,929,60650,61999,20000
364,1397/7/17 9:13:22,20,60890,50,60880,60900,27498,9:13:22,85,60700,61000,9616,9:12:11,1748,60700,61500,15286,9:12:11,1313,60671,61700,84,9:13:22,2000,60666,61999,20000
365,1397/7/17 9:13:24,10,60895,100,60890,60900,27498,9:13:24,50,60880,61000,9616,9:13:24,85,60880,61500,15286,9:13:24,1748,60672,61700,84,9:13:24,1313,60671,61999,20000
366,1397/7/17 9:13:24,10,60895,100,60890,60900,27498,9:13:24,50,60880,61000,9616,9:13:27,103,60880,61500,15286,9:13:24,1748,60672,61700,84,9:13:24,1313,60671,61999,20000
367,1397/7/17 9:13:24,10,60895,100,60890,60900,27498,9:13:29,78,60880,61000,9616,9:13:27,103,60880,61500,15286,9:13:24,1748,60672,61700,84,9:13:24,1313,60671,61999,20000
368,1397/7/17 9:13:24,10,60895,100,60890,60900,27498,9:13:35,348,60880,61000,9616,9:13:27,103,60880,61500,15286,9:13:24,1748,60672,61700,84,9:13:24,1313,60671,61999,20000
369,1397/7/17 9:13:24,10,60895,100,60890,60900,27498,9:13:35,348,60880,61000,9616,9:13:36,1800,60880,61500,15286,9:13:36,103,60700,61700,84,9:13:36,1748,60672,61999,20000
370,1397/7/17 9:13:24,10,60895,100,60890,60900,27498,9:13:35,348,60880,61000,9616,9:13:36,1800,60880,61500,15286,9:13:40,103,60700,61600,3920,9:13:40,1748,60672,61700,84
371,1397/7/17 9:13:44,10,60895,100,60890,60900,25698,9:13:35,348,60880,61000,9616,9:13:44,103,60880,61500,15286,9:13:44,1748,60672,61600,3920,9:13:44,1313,60671,61700,84
372,1397/7/17 9:13:44,10,60895,100,60890,60900,25698,9:13:35,348,60880,61000,9616,9:13:45,1313,60880,61500,15286,9:13:45,103,60700,61600,3920,9:13:45,1748,60672,61700,84
373,1397/7/17 9:13:48,10,60895,100,60890,60900,25561,9:13:35,348,60880,61000,9616,9:13:45,1313,60880,61500,15286,9:13:45,103,60700,61600,3920,9:13:45,1748,60672,61700,84
374,1397/7/17 9:14:06,8,60896,85,60892,60900,25561,9:14:06,100,60890,61000,9616,9:14:06,348,60890,61500,15286,9:14:06,1313,60710,61600,3920,9:14:06,18,60700,61700,84
375,1397/7/17 9:14:17,8,60896,85,60892,60900,25441,9:14:06,100,60890,61000,9616,9:14:06,348,60890,61500,15286,9:14:06,1313,60710,61600,3920,9:14:06,18,60700,61700,84
376,1397/7/17 9:14:21,8,60896,85,60892,60900,25341,9:14:06,100,60890,61000,9616,9:14:06,348,60890,61500,15286,9:14:06,1313,60710,61600,3920,9:14:06,18,60700,61700,84
377,1397/7/17 9:14:21,8,60896,85,60892,60900,25341,9:14:06,100,60890,61000,9616,9:14:06,348,60890,61500,15286,9:14:32,1000,60770,61600,3920,9:14:32,1313,60710,61700,84
378,1397/7/17 9:14:41,7,60896,81,60893,60900,25341,9:14:41,85,60892,61000,9616,9:14:41,100,60892,61500,15286,9:14:41,348,60880,61600,3920,9:14:41,1000,60770,61700,84
379,1397/7/17 9:14:45,7,60896,81,60893,60900,25286,9:14:41,85,60892,61000,9616,9:14:41,100,60892,61500,15286,9:14:45,298,60880,61600,3920,9:14:41,1000,60770,61700,84
380,1397/7/17 9:14:47,7,60896,81,60893,60900,25268,9:14:41,85,60892,61000,9616,9:14:47,160,60892,61500,15286,9:14:47,100,60890,61600,3920,9:14:47,298,60880,61700,84
381,1397/7/17 9:14:49,7,60896,81,60893,60900,25240,9:14:41,85,60892,61000,9616,9:14:47,160,60892,61500,15286,9:14:47,100,60890,61600,3920,9:14:49,270,60880,61700,84
382,1397/7/17 9:14:49,7,60896,81,60893,60900,25240,9:14:41,85,60892,61000,9616,9:14:47,160,60892,61500,15286,9:14:47,100,60890,61600,3920,9:14:55,270,60880,61999,20000
383,1397/7/17 9:14:49,7,60896,81,60893,60900,25240,9:14:41,85,60892,61000,9616,9:14:47,160,60892,61500,15286,9:14:47,100,60890,61600,3920,9:14:56,270,60880,62000,17909
384,1397/7/17 9:15:02,7,60896,81,60893,60900,25140,9:14:41,85,60892,61000,9616,9:14:47,160,60892,61500,15286,9:14:47,100,60890,61600,3920,9:14:56,270,60880,62000,17909
385,1397/7/17 9:15:04,7,60896,81,60893,60900,24640,9:14:41,85,60892,61000,9616,9:14:47,160,60892,61500,15286,9:14:47,100,60890,61600,3920,9:14:56,270,60880,62000,17909
386,1397/7/17 9:15:08,1,60899,200,60899,60900,24640,9:15:08,81,60893,61000,9616,9:15:08,85,60893,61500,15286,9:15:08,160,60891,61600,3920,9:15:08,100,60890,62000,17909
387,1397/7/17 9:15:17,1,60899,200,60899,60900,24559,9:15:08,81,60893,61000,9616,9:15:08,85,60893,61500,15286,9:15:08,160,60891,61600,3920,9:15:08,100,60890,62000,17909
388,1397/7/17 9:15:20,1,60899,200,60899,60900,24457,9:15:08,81,60893,61000,9616,9:15:08,85,60893,61500,15286,9:15:08,160,60891,61600,3920,9:15:20,270,60880,62000,17909
389,1397/7/17 9:15:21,1,60899,200,60899,60900,23957,9:15:08,81,60893,61000,9616,9:15:08,85,60893,61500,15286,9:15:08,160,60891,61600,3920,9:15:20,270,60880,62000,17909
390,1397/7/17 9:15:21,1,60899,200,60899,60900,23957,9:15:08,81,60893,61000,9616,9:15:08,85,60893,61500,15286,9:15:08,160,60891,61600,3920,9:15:26,270,60880,62000,17993
391,1397/7/17 9:15:33,1,60899,800,60899,60900,23957,9:15:08,81,60893,61000,9616,9:15:08,85,60893,61500,15286,9:15:08,160,60891,61600,3920,9:15:26,270,60880,62000,17993
392,1397/7/17 9:15:33,1,60899,800,60899,60900,23957,9:15:08,81,60893,61000,9616,9:15:41,1724,60893,61500,15286,9:15:08,160,60891,61600,3920,9:15:26,270,60880,62000,17993
393,1397/7/17 9:15:44,1,60899,800,60899,60900,23757,9:15:08,81,60893,61000,9616,9:15:41,1724,60893,61500,15286,9:15:08,160,60891,61600,3920,9:15:26,270,60880,62000,17993
394,1397/7/17 9:15:50,1,60899,800,60899,60900,23672,9:15:08,81,60893,61000,9616,9:15:50,1639,60893,61500,15286,9:15:08,160,60891,61600,3920,9:15:26,270,60880,62000,17993
395,1397/7/17 9:16:00,1,60899,800,60899,60900,23572,9:15:08,81,60893,61000,9616,9:15:50,1639,60893,61500,15286,9:15:08,160,60891,61600,3920,9:15:26,270,60880,62000,17993
396,1397/7/17 9:16:01,1,60899,200,60899,60900,22972,9:15:08,81,60893,61000,9616,9:15:50,1639,60893,61500,15286,9:15:08,160,60891,61600,3920,9:15:26,270,60880,62000,17993
397,1397/7/17 9:16:06,1,60899,200,60899,60900,22947,9:15:08,81,60893,61000,9616,9:15:50,1639,60893,61500,15286,9:15:08,160,60891,61600,3920,9:15:26,270,60880,62000,17993
398,1397/7/17 9:16:14,1,60899,200,60899,60900,22747,9:15:08,81,60893,61000,9616,9:15:50,1639,60893,61500,15286,9:15:08,160,60891,61600,3920,9:15:26,270,60880,62000,17993
399,1397/7/17 9:16:17,1,60899,200,60899,60900,20034,9:15:08,81,60893,61000,9616,9:15:50,1639,60893,61500,15286,9:15:08,160,60891,61600,3920,9:15:26,270,60880,62000,17993
400,1397/7/17 9:16:36,1,60899,220,60899,60900,19870,9:15:08,81,60893,61000,9616,9:15:50,1639,60893,61500,15286,9:15:08,160,60891,61600,3920,9:15:26,270,60880,62000,17993
401,1397/7/17 9:16:36,1,60899,220,60899,60900,19870,9:15:08,81,60893,61000,9616,9:15:50,1639,60893,61500,15286,9:15:08,160,60891,61600,3920,9:16:37,270,60880,62000,18013
402,1397/7/17 9:16:38,1,60899,220,60899,60900,19768,9:15:08,81,60893,61000,9616,9:15:50,1639,60893,61500,15286,9:15:08,160,60891,61600,3920,9:16:37,270,60880,62000,18013
403,1397/7/17 9:16:45,1,60899,220,60899,60900,19750,9:15:08,81,60893,61000,9616,9:15:50,1639,60893,61500,15286,9:15:08,160,60891,61600,3920,9:16:37,270,60880,62000,18013
404,1397/7/17 9:16:58,1,60899,220,60899,60900,19550,9:15:08,81,60893,61000,9616,9:15:50,1639,60893,61500,15286,9:15:08,160,60891,61600,3920,9:16:37,270,60880,62000,18013
405,1397/7/17 9:17:03,1,60899,20,60899,60900,19350,9:15:08,81,60893,61000,9616,9:15:50,1639,60893,61500,15286,9:15:08,160,60891,61600,3920,9:16:37,270,60880,62000,18013
406,1397/7/17 9:17:04,1,60899,20,60899,60900,19320,9:15:08,81,60893,61000,9616,9:15:50,1639,60893,61500,15286,9:15:08,160,60891,61600,3920,9:16:37,270,60880,62000,18013
407,1397/7/17 9:17:19,1,60899,20,60899,60900,19303,9:15:08,81,60893,61000,9616,9:15:50,1639,60893,61500,15286,9:15:08,160,60891,61600,3920,9:16:37,270,60880,62000,18013
408,1397/7/17 9:17:24,1,60899,20,60899,60900,16003,9:15:08,81,60893,61000,9616,9:15:50,1639,60893,61500,15286,9:15:08,160,60891,61600,3920,9:16:37,270,60880,62000,18013
409,1397/7/17 9:17:26,1,60899,20,60899,60900,15986,9:15:08,81,60893,61000,9616,9:15:50,1639,60893,61500,15286,9:15:08,160,60891,61600,3920,9:16:37,270,60880,62000,18013
410,1397/7/17 9:17:26,1,60899,20,60899,60900,15986,9:17:34,1581,60893,61000,9616,9:15:50,1639,60893,61500,15286,9:15:08,160,60891,61600,3920,9:16:37,270,60880,62000,18013
411,1397/7/17 9:17:35,1,60899,20,60899,60900,15586,9:17:34,1581,60893,61000,9616,9:15:50,1639,60893,61500,15286,9:15:08,160,60891,61600,3920,9:16:37,270,60880,62000,18013
412,1397/7/17 9:17:47,1,60899,20,60899,60900,14586,9:17:34,1581,60893,61000,9616,9:15:50,1639,60893,61500,15286,9:15:08,160,60891,61600,3920,9:16:37,270,60880,62000,18013
413,1397/7/17 9:17:47,1,60899,20,60899,60900,14586,9:17:34,1581,60893,61000,9616,9:15:50,1639,60893,61500,15286,9:15:08,160,60891,61600,3920,9:18:04,318,60880,62000,18013
414,1397/7/17 9:18:06,1,60899,20,60899,60900,14426,9:17:34,1581,60893,61000,9616,9:15:50,1639,60893,61500,15286,9:18:06,318,60880,61600,3920,9:18:06,100,60850,62000,18013
415,1397/7/17 9:18:06,1,60899,20,60899,60900,14426,9:18:16,300,60898,61000,9616,9:18:16,1581,60898,61500,15286,9:18:16,1639,60892,61600,3920,9:18:16,318,60880,62000,18013
416,1397/7/17 9:18:18,1,60899,20,60899,60900,14409,9:18:16,300,60898,61000,9616,9:18:16,1581,60898,61500,15286,9:18:16,1639,60892,61600,3920,9:18:16,318,60880,62000,18013
417,1397/7/17 9:18:26,1,60899,20,60899,60900,14391,9:18:16,300,60898,61000,9616,9:18:16,1581,60898,61500,15286,9:18:16,1639,60892,61600,3920,9:18:16,318,60880,62000,18013
418,1397/7/17 9:18:34,1,60898,300,60898,60899,2700,9:18:34,1581,60893,60900,14391,9:18:34,1639,60893,61000,9616,9:18:34,318,60880,61500,15286,9:18:34,100,60850,62000,18013
419,1397/7/17 9:18:43,1,60898,300,60898,60899,2445,9:18:34,1581,60893,60900,14391,9:18:34,1639,60893,61000,9616,9:18:34,318,60880,61500,15286,9:18:34,100,60850,62000,18013
420,1397/7/17 9:19:07,1,60898,300,60898,60899,1945,9:18:34,1581,60893,60900,14391,9:18:34,1639,60893,61000,9616,9:18:34,318,60880,61500,15286,9:18:34,100,60850,62000,18013
421,1397/7/17 9:19:07,1,60898,300,60898,60899,1945,9:19:10,1307,60894,60900,14391,9:19:10,1581,60894,61000,9616,9:19:10,1639,60892,61500,15286,9:19:10,318,60880,62000,18013
422,1397/7/17 9:19:07,1,60898,300,60898,60899,1945,9:19:10,1307,60894,60900,14391,9:19:10,1581,60894,61000,9616,9:19:10,1639,60892,61500,15286,9:19:17,318,60880,62000,19013
423,1397/7/17 9:19:07,1,60898,300,60898,60899,1945,9:19:10,1307,60894,60900,14391,9:19:10,1581,60894,61000,9616,9:19:10,1639,60892,61500,15286,9:19:29,318,60880,62000,18013
424,1397/7/17 9:19:07,1,60898,300,60898,60899,1945,9:19:10,1307,60894,60900,14391,9:19:10,1581,60894,61000,9616,9:19:10,1639,60892,61500,15286,9:19:42,17,60881,62000,18013
425,1397/7/17 9:19:51,1,60898,300,60898,60899,1125,9:19:10,1307,60894,60900,14391,9:19:10,1581,60894,61000,9616,9:19:10,1639,60892,61500,15286,9:19:42,17,60881,62000,18013
426,1397/7/17 9:20:01,1,60898,300,60898,60899,472,9:19:10,1307,60894,60900,14391,9:19:10,1581,60894,61000,9616,9:19:10,1639,60892,61500,15286,9:19:42,17,60881,62000,18013
427,1397/7/17 9:20:05,1,60898,350,60898,60899,472,9:19:10,1307,60894,60900,14391,9:19:10,1581,60894,61000,9616,9:19:10,1639,60892,61500,15286,9:19:42,17,60881,62000,18013
428,1397/7/17 9:20:12,1,60899,18,60899,60900,14391,9:20:12,350,60898,61000,9616,9:20:12,1307,60898,61500,15286,9:20:12,1581,60893,62000,18013,9:20:12,1639,60892,62009,2405
429,1397/7/17 9:20:14,1,60899,18,60899,60900,13101,9:20:12,350,60898,61000,9616,9:20:12,1307,60898,61500,15286,9:20:12,1581,60893,62000,18013,9:20:12,1639,60892,62009,2405
430,1397/7/17 9:20:15,1,60899,1848,60899,60900,13101,9:20:12,350,60898,61000,9616,9:20:12,1307,60898,61500,15286,9:20:12,1581,60893,62000,18013,9:20:12,1639,60892,62009,2405
431,1397/7/17 9:20:18,1,60899,2040,60899,60900,13101,9:20:12,350,60898,61000,9616,9:20:12,1307,60898,61500,15286,9:20:12,1581,60893,62000,18013,9:20:12,1639,60892,62009,2405
432,1397/7/17 9:20:22,1,60899,1950,60899,60900,12871,9:20:12,350,60898,61000,9616,9:20:12,1307,60898,61500,15286,9:20:12,1581,60893,62000,18013,9:20:12,1639,60892,62009,2405
433,1397/7/17 9:20:35,1,60899,1950,60899,60900,12771,9:20:12,350,60898,61000,9616,9:20:12,1307,60898,61500,15286,9:20:12,1581,60893,62000,18013,9:20:12,1639,60892,62009,2405
434,1397/7/17 9:20:36,1,60899,1950,60899,60900,11464,9:20:12,350,60898,61000,9616,9:20:36,1581,60898,61500,15286,9:20:36,1639,60892,62000,18013,9:20:36,17,60881,62009,2405
435,1397/7/17 9:20:40,1,60899,1950,60899,60900,11415,9:20:12,350,60898,61000,9616,9:20:36,1581,60898,61500,15286,9:20:36,1639,60892,62000,18013,9:20:36,17,60881,62009,2405
436,1397/7/17 9:20:43,1,60899,1758,60899,60900,11223,9:20:12,350,60898,61000,9616,9:20:36,1581,60898,61500,15286,9:20:36,1639,60892,62000,18013,9:20:36,17,60881,62009,2405
437,1397/7/17 9:20:50,1,60899,1758,60899,60900,11191,9:20:12,350,60898,61000,9616,9:20:36,1581,60898,61500,15286,9:20:36,1639,60892,62000,18013,9:20:36,17,60881,62009,2405
438,1397/7/17 9:20:52,1,60899,1758,60899,60900,8691,9:20:12,350,60898,61000,9616,9:20:36,1581,60898,61500,15286,9:20:36,1639,60892,62000,18013,9:20:36,17,60881,62009,2405
439,1397/7/17 9:20:58,1,60899,9931,60899,60900,8691,9:20:12,350,60898,61000,9616,9:20:36,1581,60898,61500,15286,9:20:36,1639,60892,62000,18013,9:20:36,17,60881,62009,2405
440,1397/7/17 9:20:59,1,60899,9931,60899,60900,8591,9:20:12,350,60898,61000,9616,9:20:36,1581,60898,61500,15286,9:20:36,1639,60892,62000,18013,9:20:36,17,60881,62009,2405
441,1397/7/17 9:21:10,1,60899,9931,60899,60900,8491,9:20:12,350,60898,61000,9616,9:20:36,1581,60898,61500,15286,9:20:36,1639,60892,62000,18013,9:20:36,17,60881,62009,2405
442,1397/7/17 9:21:12,1,60899,9931,60899,60900,7900,9:20:12,350,60898,61000,9616,9:20:36,1581,60898,61500,15286,9:20:36,1639,60892,62000,18013,9:20:36,17,60881,62009,2405
443,1397/7/17 9:21:14,1,60899,9931,60899,60900,7100,9:20:12,350,60898,61000,9616,9:20:36,1581,60898,61500,15286,9:20:36,1639,60892,62000,18013,9:20:36,17,60881,62009,2405
444,1397/7/17 9:21:15,1,60898,350,60898,60899,5315,9:21:15,1581,60893,60900,7100,9:21:15,1639,60893,61000,9616,9:21:15,17,60881,61500,40,9:21:15,318,60880,62000,18013
445,1397/7/17 9:21:17,1,60898,350,60898,60899,5215,9:21:15,1581,60893,60900,7100,9:21:15,1639,60893,61000,9616,9:21:15,17,60881,61500,40,9:21:15,318,60880,62000,18013
446,1397/7/17 9:21:17,1,60898,350,60898,60899,5215,9:21:15,1581,60893,60900,7100,9:21:15,1639,60893,61000,9616,9:21:15,17,60881,61500,40,9:21:24,48,60880,62000,18013
447,1397/7/17 9:21:30,1,60898,300,60898,60899,5215,9:21:15,1581,60893,60900,7100,9:21:15,1639,60893,61000,9616,9:21:15,17,60881,61500,40,9:21:24,48,60880,62000,18013
448,1397/7/17 9:21:30,1,60898,300,60898,60899,5215,9:21:15,1581,60893,60900,7100,9:21:15,1639,60893,61000,9616,9:21:15,17,60881,61500,40,9:21:34,37048,60880,62000,18013
449,1397/7/17 9:21:35,1,60898,300,60898,60899,4723,9:21:15,1581,60893,60900,7100,9:21:15,1639,60893,61000,9616,9:21:15,17,60881,61500,40,9:21:34,37048,60880,62000,18013
450,1397/7/17 9:21:35,1,60898,300,60898,60899,4723,9:21:15,1581,60893,60900,7100,9:21:15,1639,60893,61000,9616,9:21:44,1000,60890,61500,40,9:21:44,17,60881,62000,18013
451,1397/7/17 9:21:55,1,60898,300,60898,60899,4807,9:21:15,1581,60893,60900,7100,9:21:15,1639,60893,61000,9616,9:21:44,1000,60890,61500,40,9:21:55,17,60881,62000,17929
452,1397/7/17 9:21:58,1,60898,300,60898,60899,4644,9:21:15,1581,60893,60900,7100,9:21:15,1639,60893,61000,9616,9:21:44,1000,60890,61500,40,9:21:55,17,60881,62000,17929
453,1397/7/17 9:22:09,1,60898,282,60898,60899,4644,9:21:15,1581,60893,60900,7100,9:21:15,1639,60893,61000,9616,9:21:44,1000,60890,61500,40,9:21:55,17,60881,62000,17929
454,1397/7/17 9:22:30,1,60898,198,60898,60899,4560,9:21:15,1581,60893,60900,7100,9:21:15,1639,60893,61000,9616,9:21:44,1000,60890,61500,40,9:21:55,17,60881,62000,17929
455,1397/7/17 9:22:31,1,60898,198,60898,60899,3760,9:21:15,1581,60893,60900,7100,9:21:15,1639,60893,61000,9616,9:21:44,1000,60890,61500,40,9:21:55,17,60881,62000,17929
456,1397/7/17 9:22:36,1,60898,198,60898,60899,2760,9:21:15,1581,60893,60900,7100,9:21:15,1639,60893,61000,9616,9:21:44,1000,60890,61500,40,9:21:55,17,60881,62000,17929
457,1397/7/17 9:22:43,1,60898,198,60898,60899,660,9:21:15,1581,60893,60900,7100,9:21:15,1639,60893,61000,9616,9:21:44,1000,60890,61500,40,9:21:55,17,60881,62000,17929
458,1397/7/17 9:22:47,1,60898,198,60898,60899,260,9:21:15,1581,60893,60900,7100,9:21:15,1639,60893,61000,9616,9:21:44,1000,60890,61500,40,9:21:55,17,60881,62000,17929
459,1397/7/17 9:22:47,1,60898,198,60898,60899,260,9:21:15,1581,60893,60900,7100,9:21:15,1639,60893,61000,9616,9:21:44,1000,60890,61500,40,9:22:53,17,60881,62000,17909
460,1397/7/17 9:22:55,1,60898,198,60898,60899,24260,9:21:15,1581,60893,60900,7100,9:21:15,1639,60893,61000,9616,9:21:44,1000,60890,61500,40,9:22:53,17,60881,62000,17909
461,1397/7/17 9:22:59,1,60898,198,60898,60899,22760,9:22:59,1000,60894,60900,7100,9:22:59,1581,60894,61000,9616,9:22:59,1639,60892,61500,40,9:22:59,1000,60890,62000,17909
462,1397/7/17 9:23:03,4,60896,1000,60894,60898,709,9:23:03,1581,60893,60899,22760,9:23:03,1639,60893,60900,7100,9:23:03,1000,60890,61000,9616,9:23:03,17,60881,61500,40
463,1397/7/17 9:23:03,4,60896,1000,60894,60898,709,9:23:03,1581,60893,60899,22760,9:23:11,1639,60893,60900,7131,9:23:03,1000,60890,61000,9616,9:23:03,17,60881,61500,40
464,1397/7/17 9:23:03,4,60896,1000,60894,60898,709,9:23:03,1581,60893,60899,22760,9:23:11,1639,60893,60900,7131,9:23:03,1000,60890,61000,9616,9:23:12,17,60881,61245,70
465,1397/7/17 9:23:03,4,60896,1000,60894,60898,709,9:23:03,1581,60893,60899,22760,9:23:11,1639,60893,60900,7131,9:23:16,1000,60890,61000,9647,9:23:12,17,60881,61245,70
466,1397/7/17 9:23:17,4,60896,1000,60894,60898,9,9:23:03,1581,60893,60899,22760,9:23:17,1639,60893,60900,7162,9:23:16,1000,60890,61000,9647,9:23:12,17,60881,61245,70
467,1397/7/17 9:23:17,4,60896,1000,60894,60898,9,9:23:03,1581,60893,60899,22760,9:23:17,1639,60893,60900,7162,9:23:19,1000,60890,60908,31,9:23:19,17,60881,61000,9647
468,1397/7/17 9:23:17,4,60896,1000,60894,60898,9,9:23:03,1581,60893,60899,22760,9:23:20,1639,60893,60900,7193,9:23:19,1000,60890,60908,31,9:23:20,17,60881,61000,9678
469,1397/7/17 9:23:17,4,60896,1000,60894,60898,9,9:23:03,1581,60893,60899,22760,9:23:20,1639,60893,60900,7193,9:23:21,1000,60890,60908,62,9:23:20,17,60881,61000,9678
470,1397/7/17 9:23:17,4,60896,1000,60894,60898,9,9:23:03,1581,60893,60899,22760,9:23:22,1639,60893,60900,7224,9:23:22,1081,60890,60908,62,9:23:22,17,60881,61000,9709
471,1397/7/17 9:23:17,4,60896,1000,60894,60898,9,9:23:03,1581,60893,60899,22760,9:23:25,1639,60893,60900,7255,9:23:22,1081,60890,60908,62,9:23:22,17,60881,61000,9709
472,1397/7/17 9:23:17,4,60896,1000,60894,60898,9,9:23:26,1581,60893,60899,22853,9:23:26,1639,60893,60900,7224,9:23:22,1081,60890,60908,62,9:23:26,17,60881,61000,9678
473,1397/7/17 9:23:30,1,60898,191,60898,60899,22853,9:23:30,1000,60894,60900,7224,9:23:30,1581,60894,60908,62,9:23:30,1639,60892,61000,9678,9:23:30,1081,60890,61245,70
474,1397/7/17 9:23:33,1,60898,191,60898,60899,22134,9:23:30,1000,60894,60900,7224,9:23:30,1581,60894,60908,62,9:23:30,1639,60892,61000,9678,9:23:30,1081,60890,61245,70
475,1397/7/17 9:23:34,1,60898,191,60898,60899,22165,9:23:30,1000,60894,60900,7224,9:23:30,1581,60894,60908,62,9:23:34,1639,60892,61000,9647,9:23:30,1081,60890,61245,70
476,1397/7/17 9:23:35,1,60898,191,60898,60899,22351,9:23:35,1000,60894,60900,7100,9:23:35,1581,60894,61000,9647,9:23:35,1639,60892,61245,70,9:23:35,1081,60890,61500,40
477,1397/7/17 9:23:37,1,60898,191,60898,60899,22382,9:23:35,1000,60894,60900,7100,9:23:37,1581,60894,61000,9616,9:23:35,1639,60892,61245,70,9:23:35,1081,60890,61500,40
478,1397/7/17 9:23:38,1,60898,191,60898,60899,17882,9:23:35,1000,60894,60900,7100,9:23:37,1581,60894,61000,9616,9:23:35,1639,60892,61245,70,9:23:35,1081,60890,61500,40
479,1397/7/17 9:23:39,1,60898,191,60898,60899,17024,9:23:35,1000,60894,60900,7100,9:23:37,1581,60894,61000,9616,9:23:35,1639,60892,61245,70,9:23:35,1081,60890,61500,40
480,1397/7/17 9:23:40,1,60898,191,60898,60899,14769,9:23:35,1000,60894,60900,7100,9:23:37,1581,60894,61000,9616,9:23:35,1639,60892,61245,70,9:23:35,1081,60890,61500,40
481,1397/7/17 9:23:42,1,60898,191,60898,60899,14688,9:23:35,1000,60894,60900,7100,9:23:37,1581,60894,61000,9616,9:23:35,1639,60892,61245,70,9:23:35,1081,60890,61500,40
482,1397/7/17 9:23:45,1,60898,191,60898,60899,2688,9:23:35,1000,60894,60900,7100,9:23:37,1581,60894,61000,9616,9:23:35,1639,60892,61245,70,9:23:35,1081,60890,61500,40
483,1397/7/17 9:23:48,1,60898,191,60898,60899,9188,9:23:35,1000,60894,60900,7100,9:23:37,1581,60894,61000,9616,9:23:35,1639,60892,61245,70,9:23:35,1081,60890,61500,40
484,1397/7/17 9:23:52,1,60898,191,60898,60899,8699,9:23:35,1000,60894,60900,7100,9:23:37,1581,60894,61000,9616,9:23:35,1639,60892,61245,70,9:23:35,1081,60890,61500,40
485,1397/7/17 9:23:53,1,60898,1191,60898,60899,6699,9:23:35,1000,60894,60900,7100,9:23:37,1581,60894,61000,9616,9:23:35,1639,60892,61245,70,9:23:53,81,60890,61500,40
486,1397/7/17 9:23:55,1,60898,1000,60898,60899,6508,9:23:35,1000,60894,60900,7100,9:23:37,1581,60894,61000,9616,9:23:35,1639,60892,61245,70,9:23:53,81,60890,61500,40
487,1397/7/17 9:23:59,1,60898,1000,60898,60899,1008,9:23:35,1000,60894,60900,7100,9:23:37,1581,60894,61000,9616,9:23:35,1639,60892,61245,70,9:23:53,81,60890,61500,40
488,1397/7/17 9:24:00,1,60898,1000,60898,60899,192,9:23:35,1000,60894,60900,7100,9:23:37,1581,60894,61000,9616,9:23:35,1639,60892,61245,70,9:23:53,81,60890,61500,40
489,1397/7/17 9:24:01,1,60898,1000,60898,60899,1928,9:23:35,1000,60894,60900,7100,9:23:37,1581,60894,61000,9616,9:23:35,1639,60892,61245,70,9:23:53,81,60890,61500,40
490,1397/7/17 9:24:08,1,60898,1000,60898,60899,1728,9:24:08,1000,60894,60900,7131,9:23:37,1581,60894,61000,9616,9:23:35,1639,60892,61245,70,9:23:53,81,60890,61500,40
491,1397/7/17 9:24:08,1,60898,1000,60898,60899,1728,9:24:11,32000,60895,60900,7131,9:24:11,1000,60895,61000,9616,9:24:11,1581,60893,61245,70,9:24:11,1639,60892,61500,40
492,1397/7/17 9:24:14,1,60899,1272,60899,60900,7131,9:24:14,1000,60898,61000,9616,9:24:14,32000,60898,61245,70,9:24:14,1000,60894,61500,40,9:24:14,1581,60893,62000,17909
493,1397/7/17 9:24:18,1,60899,1272,60899,60900,6131,9:24:14,1000,60898,61000,9616,9:24:14,32000,60898,61245,70,9:24:14,1000,60894,61500,40,9:24:14,1581,60893,62000,17909
494,1397/7/17 9:24:20,1,60899,1598,60899,60900,6131,9:24:14,1000,60898,61000,9616,9:24:14,32000,60898,61245,70,9:24:14,1000,60894,61500,40,9:24:14,1581,60893,62000,17909
495,1397/7/17 9:24:20,1,60899,1598,60899,60900,6131,9:24:14,1000,60898,61000,9616,9:24:21,32100,60898,61245,70,9:24:14,1000,60894,61500,40,9:24:14,1581,60893,62000,17909
496,1397/7/17 9:24:20,1,60899,1598,60899,60900,6131,9:24:14,1000,60898,61000,9616,9:24:21,32100,60898,61245,70,9:24:14,1000,60894,61500,40,9:24:22,1581,60893,62000,7720
497,1397/7/17 9:24:25,1,60899,1598,60899,60900,14131,9:24:14,1000,60898,61000,9616,9:24:21,32100,60898,61245,70,9:24:14,1000,60894,61500,40,9:24:22,1581,60893,62000,7720
498,1397/7/17 9:24:25,1,60899,1598,60899,60900,14131,9:24:26,3000,60898,61000,9616,9:24:21,32100,60898,61245,70,9:24:14,1000,60894,61500,40,9:24:22,1581,60893,62000,7720
499,1397/7/17 9:24:27,1,60899,1467,60899,60900,14131,9:24:26,3000,60898,61000,9616,9:24:21,32100,60898,61245,70,9:24:14,1000,60894,61500,40,9:24:22,1581,60893,62000,7720
500,1397/7/17 9:24:30,101,60949,1467,60899,61000,747,9:24:30,3000,60898,61245,70,9:24:30,32100,60898,61500,40,9:24:30,1000,60894,62000,7720,9:24:30,1581,60893,62009,2405
501,1397/7/17 9:24:32,100,60950,1300,60900,61000,747,9:24:32,1467,60899,61500,40,9:24:32,3000,60899,62000,7720,9:24:32,32100,60895,62009,2405,9:24:32,1000,60894,62055,19
502,1397/7/17 9:24:34,100,60950,2300,60900,61000,747,9:24:32,1467,60899,61500,40,9:24:34,4926,60899,62000,7720,9:24:32,32100,60895,62009,2405,9:24:32,1000,60894,62055,19
503,1397/7/17 9:24:35,100,60950,2800,60900,61000,747,9:24:32,1467,60899,61500,40,9:24:34,4926,60899,62000,7720,9:24:32,32100,60895,62009,2405,9:24:32,1000,60894,62055,19
504,1397/7/17 9:24:38,100,60950,7800,60900,61000,747,9:24:38,1967,60899,61500,40,9:24:34,4926,60899,62000,7720,9:24:32,32100,60895,62009,2405,9:24:32,1000,60894,62055,19
505,1397/7/17 9:24:44,100,60950,7800,60900,61000,747,9:24:38,1967,60899,61500,40,9:24:34,4926,60899,62000,7720,9:24:32,32100,60895,62009,2405,9:24:32,1000,60894,62055,19
506,1397/7/17 9:24:44,100,60950,7800,60900,61000,747,9:24:38,1967,60899,61500,40,9:24:34,4926,60899,62000,7720,9:24:32,32100,60895,62009,2405,9:24:47,1020,60894,62055,19
507,1397/7/17 9:24:44,100,60950,7800,60900,61000,747,9:24:38,1967,60899,61500,40,9:24:34,4926,60899,62000,7720,9:24:49,32200,60895,62009,2405,9:24:47,1020,60894,62055,19
508,1397/7/17 9:24:44,100,60950,7800,60900,61000,747,9:24:51,2467,60899,61500,40,9:24:34,4926,60899,62000,7720,9:24:49,32200,60895,62009,2405,9:24:47,1020,60894,62055,19
509,1397/7/17 9:24:44,100,60950,7800,60900,61000,747,9:24:51,2467,60899,61500,40,9:24:34,4926,60899,62000,7720,9:24:52,32100,60895,62009,2405,9:24:47,1020,60894,62055,19
510,1397/7/17 9:24:54,500,61250,253,61000,61500,40,9:24:54,8800,60900,62000,7720,9:24:54,2467,60900,62009,2405,9:24:54,3926,60898,62055,19,9:24:54,32100,60895,62100,4000
511,1397/7/17 9:24:55,500,61250,753,61000,61500,40,9:24:55,8300,60900,62000,7720,9:24:54,2467,60900,62009,2405,9:24:54,3926,60898,62055,19,9:24:54,32100,60895,62100,4000
512,1397/7/17 9:24:58,500,61250,1653,61000,61500,40,9:24:58,4300,60900,62000,7720,9:24:54,2467,60900,62009,2405,9:24:54,3926,60898,62055,19,9:24:54,32100,60895,62100,4000
513,1397/7/17 9:25:01,500,61250,2153,61000,61500,40,9:24:58,4300,60900,62000,7720,9:24:54,2467,60900,62009,2405,9:24:54,3926,60898,62055,19,9:24:54,32100,60895,62100,4000
514,1397/7/17 9:25:02,500,61250,18311,61000,61500,40,9:24:58,4300,60900,62000,7720,9:24:54,2467,60900,62009,2405,9:24:54,3926,60898,62055,19,9:24:54,32100,60895,62100,4000
515,1397/7/17 9:25:02,500,61250,18311,61000,61500,40,9:25:04,2300,60900,62000,7720,9:24:54,2467,60900,62009,2405,9:24:54,3926,60898,62055,19,9:24:54,32100,60895,62100,4000
516,1397/7/17 9:25:02,500,61250,18311,61000,61500,40,9:25:07,2000,60991,62000,7720,9:25:07,2300,60991,62009,2405,9:25:07,2467,60899,62055,19,9:25:07,3926,60898,62100,4000
517,1397/7/17 9:25:10,500,61250,18811,61000,61500,40,9:25:07,2000,60991,62000,7720,9:25:07,2300,60991,62009,2405,9:25:07,2467,60899,62055,19,9:25:07,3926,60898,62100,4000
518,1397/7/17 9:25:11,1000,61500,18311,61000,62000,7260,9:25:11,2000,60991,62009,2405,9:25:11,2300,60991,62055,19,9:25:11,2467,60899,62100,4000,9:25:11,3926,60898,62159,5000
519,1397/7/17 9:25:12,990,61495,18311,61000,61990,15000,9:25:12,2000,60991,62000,7260,9:25:12,2300,60991,62009,2405,9:25:12,2467,60899,62055,19,9:25:12,3926,60898,62100,4000
520,1397/7/17 9:25:13,990,61495,17794,61000,61990,15000,9:25:12,2000,60991,62000,7260,9:25:12,2300,60991,62009,2405,9:25:12,2467,60899,62055,19,9:25:12,3926,60898,62100,4000
521,1397/7/17 9:25:14,990,61495,18936,61000,61990,15000,9:25:12,2000,60991,62000,7260,9:25:12,2300,60991,62009,2405,9:25:12,2467,60899,62055,19,9:25:12,3926,60898,62100,4000
522,1397/7/17 9:25:14,990,61495,18936,61000,61990,15000,9:25:12,2000,60991,62000,7260,9:25:16,3800,60991,62009,2405,9:25:12,2467,60899,62055,19,9:25:16,1926,60898,62100,4000
523,1397/7/17 9:25:17,990,61495,19936,61000,61990,15000,9:25:12,2000,60991,62000,7260,9:25:16,3800,60991,62009,2405,9:25:12,2467,60899,62055,19,9:25:16,1926,60898,62100,4000
524,1397/7/17 9:25:17,990,61495,19936,61000,61990,15000,9:25:12,2000,60991,62000,7260,9:25:16,3800,60991,62009,2405,9:25:12,2467,60899,62055,19,9:25:18,1961,60898,62100,4000
525,1397/7/17 9:25:19,990,61495,20936,61000,61990,15000,9:25:12,2000,60991,62000,7260,9:25:16,3800,60991,62009,2405,9:25:12,2467,60899,62055,19,9:25:18,1961,60898,62100,4000
526,1397/7/17 9:25:20,990,61495,23936,61000,61990,15000,9:25:12,2000,60991,62000,7260,9:25:16,3800,60991,62009,2405,9:25:12,2467,60899,62055,19,9:25:18,1961,60898,62100,4000
527,1397/7/17 9:25:21,989,61495,881,61001,61990,15000,9:25:21,23936,61000,62000,7260,9:25:21,2000,61000,62009,2405,9:25:21,3800,60900,62055,19,9:25:21,2467,60899,62100,4000
528,1397/7/17 9:25:21,989,61495,881,61001,61990,15000,9:25:22,23984,61000,62000,7260,9:25:21,2000,61000,62009,2405,9:25:21,3800,60900,62055,19,9:25:21,2467,60899,62100,4000
529,1397/7/17 9:25:24,989,61495,881,61001,61990,14500,9:25:22,23984,61000,62000,7260,9:25:21,2000,61000,62009,2405,9:25:21,3800,60900,62055,19,9:25:21,2467,60899,62100,4000
530,1397/7/17 9:25:24,989,61495,881,61001,61990,14500,9:25:27,24484,61000,62000,7260,9:25:21,2000,61000,62009,2405,9:25:21,3800,60900,62055,19,9:25:21,2467,60899,62100,4000
531,1397/7/17 9:25:29,490,61745,2300,61500,61990,14500,9:25:29,881,61001,62000,7260,9:25:29,24484,61001,62009,2405,9:25:29,2000,60991,62055,19,9:25:29,3800,60900,62100,4000
532,1397/7/17 9:25:29,490,61745,2300,61500,61990,14500,9:25:33,1000,61002,62000,7260,9:25:33,881,61002,62009,2405,9:25:33,24484,61000,62055,19,9:25:33,2000,60991,62100,4000
533,1397/7/17 9:25:29,490,61745,2300,61500,61990,14500,9:25:33,1000,61002,62000,7260,9:25:33,881,61002,62009,2405,9:25:35,24884,61000,62055,19,9:25:33,2000,60991,62100,4000
534,1397/7/17 9:25:36,490,61745,2300,61500,61990,12837,9:25:33,1000,61002,62000,7260,9:25:33,881,61002,62009,2405,9:25:35,24884,61000,62055,19,9:25:33,2000,60991,62100,4000
535,1397/7/17 9:25:37,490,61745,2300,61500,61990,11837,9:25:33,1000,61002,62000,7260,9:25:33,881,61002,62009,2405,9:25:35,24884,61000,62055,19,9:25:33,2000,60991,62100,4000
536,1397/7/17 9:25:37,490,61745,2300,61500,61990,11837,9:25:33,1000,61002,62000,7260,9:25:33,881,61002,62009,2405,9:25:40,24920,61000,62055,19,9:25:33,2000,60991,62100,4000
537,1397/7/17 9:25:37,490,61745,2300,61500,61990,11837,9:25:33,1000,61002,62000,7260,9:25:33,881,61002,62009,2405,9:25:43,24420,61000,62055,19,9:25:33,2000,60991,62100,4000
538,1397/7/17 9:25:37,490,61745,2300,61500,61990,11837,9:25:33,1000,61002,62000,7260,9:25:33,881,61002,62009,2405,9:25:44,23920,61000,62055,19,9:25:33,2000,60991,62100,4000
539,1397/7/17 9:25:45,490,61745,2344,61500,61990,11837,9:25:33,1000,61002,62000,7260,9:25:33,881,61002,62009,2405,9:25:44,23920,61000,62055,19,9:25:33,2000,60991,62100,4000
540,1397/7/17 9:25:49,490,61745,2344,61500,61990,11201,9:25:33,1000,61002,62000,7260,9:25:49,10881,61002,62009,2405,9:25:49,23284,61000,62055,19,9:25:33,2000,60991,62100,4000
541,1397/7/17 9:25:49,490,61745,2344,61500,61990,11201,9:25:59,2000,61002,62000,7260,9:25:49,10881,61002,62009,2405,9:25:59,22284,61000,62055,19,9:25:33,2000,60991,62100,4000
542,1397/7/17 9:26:00,489,61745,1200,61501,61990,11073,9:26:00,2344,61500,62000,7260,9:26:00,2000,61500,62009,2405,9:26:00,10881,61001,62055,19,9:26:00,22284,61000,62100,4000
543,1397/7/17 9:26:00,489,61745,1200,61501,61990,11073,9:26:00,2344,61500,62000,7260,9:26:00,2000,61500,62009,2405,9:26:00,10881,61001,62055,19,9:26:02,27284,61000,62100,4000
544,1397/7/17 9:26:00,489,61745,1200,61501,61990,11073,9:26:00,2344,61500,62000,7260,9:26:00,2000,61500,62009,2405,9:26:00,10881,61001,62055,19,9:26:04,26126,61000,62100,4000
545,1397/7/17 9:26:00,489,61745,1200,61501,61990,11073,9:26:10,2424,61500,62000,7260,9:26:00,2000,61500,62009,2405,9:26:00,10881,61001,62055,19,9:26:04,26126,61000,62100,4000
546,1397/7/17 9:26:15,489,61745,1200,61501,61990,10773,9:26:10,2424,61500,62000,7260,9:26:00,2000,61500,62009,2405,9:26:00,10881,61001,62055,19,9:26:04,26126,61000,62100,4000
547,1397/7/17 9:26:17,489,61745,1200,61501,61990,11273,9:26:10,2424,61500,62000,7260,9:26:00,2000,61500,62009,2405,9:26:00,10881,61001,62055,19,9:26:04,26126,61000,62100,4000
548,1397/7/17 9:26:18,349,61675,1200,61501,61850,70,9:26:18,2424,61500,61990,11273,9:26:18,2000,61500,62000,7260,9:26:18,10881,61001,62009,2405,9:26:18,26126,61000,62055,19
549,1397/7/17 9:26:18,349,61675,1200,61501,61850,70,9:26:18,2424,61500,61990,11273,9:26:25,1000,61500,62000,7260,9:26:18,10881,61001,62009,2405,9:26:18,26126,61000,62055,19
550,1397/7/17 9:26:18,349,61675,1200,61501,61850,70,9:26:18,2424,61500,61990,11273,9:26:25,1000,61500,62000,7260,9:26:18,10881,61001,62009,2405,9:26:28,26463,61000,62055,19
551,1397/7/17 9:26:34,90,61945,930,61900,61990,11273,9:26:34,1200,61501,62000,7260,9:26:34,2424,61501,62009,2405,9:26:34,1000,61002,62055,19,9:26:34,10881,61001,62100,4000
552,1397/7/17 9:26:34,90,61945,930,61900,61990,11273,9:26:34,1200,61501,62000,7260,9:26:38,2344,61501,62009,2405,9:26:34,1000,61002,62055,19,9:26:34,10881,61001,62100,4000
553,1397/7/17 9:26:34,90,61945,930,61900,61990,11273,9:26:39,1142,61850,62000,7260,9:26:39,1200,61850,62009,2405,9:26:39,2344,61500,62055,19,9:26:39,1000,61002,62100,4000
554,1397/7/17 9:26:49,90,61945,930,61900,61990,10973,9:26:39,1142,61850,62000,7260,9:26:39,1200,61850,62009,2405,9:26:39,2344,61500,62055,19,9:26:39,1000,61002,62100,4000
555,1397/7/17 9:26:49,90,61945,930,61900,61990,10973,9:26:39,1142,61850,62000,7260,9:26:50,1500,61850,62009,2405,9:26:50,1200,61501,62055,19,9:26:50,2344,61500,62100,4000
556,1397/7/17 9:26:53,90,61945,930,61900,61990,10873,9:26:39,1142,61850,62000,7260,9:26:50,1500,61850,62009,2405,9:26:50,1200,61501,62055,19,9:26:50,2344,61500,62100,4000
557,1397/7/17 9:26:54,90,61945,930,61900,61990,10773,9:26:39,1142,61850,62000,7260,9:26:50,1500,61850,62009,2405,9:26:50,1200,61501,62055,19,9:26:50,2344,61500,62100,4000
558,1397/7/17 9:26:55,90,61945,860,61900,61990,10773,9:26:39,1142,61850,62000,7260,9:26:50,1500,61850,62009,2405,9:26:50,1200,61501,62055,19,9:26:50,2344,61500,62100,4000
559,1397/7/17 9:27:00,90,61945,860,61900,61990,10573,9:26:39,1142,61850,62000,7260,9:26:50,1500,61850,62009,2405,9:26:50,1200,61501,62055,19,9:26:50,2344,61500,62100,4000
560,1397/7/17 9:27:04,90,61945,860,61900,61990,10373,9:26:39,1142,61850,62000,7260,9:26:50,1500,61850,62009,2405,9:26:50,1200,61501,62055,19,9:26:50,2344,61500,62100,4000
561,1397/7/17 9:27:06,100,61950,860,61900,62000,2633,9:27:06,1142,61850,62009,2405,9:27:06,1500,61850,62055,19,9:27:06,1200,61501,62100,4000,9:27:06,2344,61500,62159,5000
562,1397/7/17 9:27:09,436,62423,386810,62205,62641,750,9:27:09,860,61900,63093,30,9:27:09,1142,61900,63500,30,9:27:09,1500,61502,63555,4020,9:27:09,1200,61501,66300,494
563,1397/7/17 9:27:09,436,62423,386810,62205,62641,750,9:27:09,860,61900,63093,30,9:27:10,1500,61900,63500,30,9:27:10,1200,61501,63555,4020,9:27:10,2344,61500,66300,494
564,1397/7/17 9:27:11,436,62423,376810,62205,62641,750,9:27:09,860,61900,63093,30,9:27:10,1500,61900,63500,30,9:27:10,1200,61501,63555,4020,9:27:10,2344,61500,66300,494
565,1397/7/17 9:27:11,436,62423,376810,62205,62641,750,9:27:16,80,61990,63093,30,9:27:16,961,61990,63500,30,9:27:16,1500,61502,63555,4020,9:27:16,1200,61501,66300,494
566,1397/7/17 9:27:11,436,62423,376810,62205,62641,750,9:27:18,280,61990,63093,30,9:27:16,961,61990,63500,30,9:27:18,80,61850,63555,4020,9:27:18,1500,61502,66300,494
567,1397/7/17 9:27:22,436,62423,381810,62205,62641,750,9:27:22,200,61990,63093,30,9:27:16,961,61990,63500,30,9:27:18,80,61850,63555,4020,9:27:18,1500,61502,66300,494
568,1397/7/17 9:27:27,436,62423,381610,62205,62641,750,9:27:22,200,61990,63093,30,9:27:16,961,61990,63500,30,9:27:18,80,61850,63555,4020,9:27:18,1500,61502,66300,494
569,1397/7/17 9:27:31,436,62423,383610,62205,62641,750,9:27:22,200,61990,63093,30,9:27:16,961,61990,63500,30,9:27:18,80,61850,63555,4020,9:27:18,1500,61502,66300,494
570,1397/7/17 9:27:31,436,62423,383610,62205,62641,750,9:27:22,200,61990,63093,30,9:27:16,961,61990,63500,30,9:27:18,80,61850,63555,4020,9:27:36,50,61510,66300,494
571,1397/7/17 9:27:31,436,62423,383610,62205,62641,750,9:27:22,200,61990,63093,30,9:27:37,100,61990,63500,30,9:27:37,961,61900,63555,4020,9:27:37,80,61850,66300,494
572,1397/7/17 9:27:38,436,62423,483610,62205,62641,750,9:27:38,500,62000,63093,30,9:27:38,200,62000,63500,30,9:27:38,100,61901,63555,4020,9:27:38,961,61900,66300,494
573,1397/7/17 9:27:39,436,62423,583610,62205,62641,750,9:27:38,500,62000,63093,30,9:27:38,200,62000,63500,30,9:27:38,100,61901,63555,4020,9:27:38,961,61900,66300,494
574,1397/7/17 9:27:40,436,62423,583645,62205,62641,750,9:27:38,500,62000,63093,30,9:27:38,200,62000,63500,30,9:27:38,100,61901,63555,4020,9:27:38,961,61900,66300,494
575,1397/7/17 9:27:41,436,62423,690469,62205,62641,750,9:27:38,500,62000,63093,30,9:27:38,200,62000,63500,30,9:27:38,100,61901,63555,4020,9:27:38,961,61900,66300,494
576,1397/7/17 9:27:43,436,62423,690910,62205,62641,750,9:27:38,500,62000,63093,30,9:27:38,200,62000,63500,30,9:27:38,100,61901,63555,4020,9:27:38,961,61900,66300,494
577,1397/7/17 9:27:46,436,62423,680730,62205,62641,750,9:27:38,500,62000,63093,30,9:27:38,200,62000,63500,30,9:27:46,961,61900,63555,4020,9:27:46,180,61850,66300,494
578,1397/7/17 9:27:52,436,62423,682647,62205,62641,750,9:27:38,500,62000,63093,30,9:27:38,200,62000,63500,30,9:27:46,961,61900,63555,4020,9:27:46,180,61850,66300,494
579,1397/7/17 9:27:54,436,62423,685847,62205,62641,750,9:27:38,500,62000,63093,30,9:27:38,200,62000,63500,30,9:27:46,961,61900,63555,4020,9:27:46,180,61850,66300,494
580,1397/7/17 9:27:55,436,62423,686847,62205,62641,750,9:27:38,500,62000,63093,30,9:27:38,200,62000,63500,30,9:27:46,961,61900,63555,4020,9:27:46,180,61850,66300,494
581,1397/7/17 9:27:57,436,62423,686797,62205,62641,750,9:27:38,500,62000,63093,30,9:27:38,200,62000,63500,30,9:27:46,961,61900,63555,4020,9:27:46,180,61850,66300,494
582,1397/7/17 9:27:57,436,62423,686797,62205,62641,750,9:27:38,500,62000,63093,30,9:27:38,200,62000,63500,30,9:27:58,200,61901,63555,4020,9:27:58,961,61900,66300,494
583,1397/7/17 9:28:00,436,62423,686647,62205,62641,750,9:27:38,500,62000,63093,30,9:27:38,200,62000,63500,30,9:27:58,200,61901,63555,4020,9:27:58,961,61900,66300,494
