,time1,Spread,Mid-price,volume_buy1,price_buy1,price_sell1,volume_sell1,time2,volume_buy2,price_buy2,price_sell2,volume_sell2,time3,volume_buy3,price_buy3,price_sell3,volume_sell3,time4,volume_buy4,price_buy4,price_sell4,volume_sell4,time5,volume_buy5,price_buy5,price_sell5,volume_sell5
0,1397/7/25 6:01:25,2981,67049,1000,65559,68540,875,6:01:25,20,63340,69400,100,6:01:25,494,63340,69500,5000,6:01:25,159,62300,69969,1000,6:01:25,20,61000,69992,50
1,1397/7/25 8:30:44,40,68520,400,68500,68540,875,8:30:44,1000,65559,69400,100,8:30:44,20,65559,69500,5000,8:30:44,494,62301,69969,1000,8:30:44,159,62300,69992,50
2,1397/7/25 8:30:44,40,68520,400,68500,68540,875,8:30:44,1000,65559,69400,100,8:30:49,31,65559,69500,5000,8:30:49,20,63340,69969,1000,8:30:49,494,62301,69992,50
3,1397/7/25 8:30:44,40,68520,400,68500,68540,875,8:30:58,1454,65559,69400,100,8:30:49,31,65559,69500,5000,8:30:49,20,63340,69969,1000,8:30:49,494,62301,69992,50
4,1397/7/25 8:31:26,0,68500,400,68500,68500,400,8:31:26,1454,65559,68540,875,8:31:26,31,65559,69400,100,8:31:26,20,63340,69500,5000,8:31:26,494,62301,69969,1000
5,1397/7/25 8:31:26,0,68500,400,68500,68500,400,8:31:26,1454,65559,68540,875,8:31:26,31,65559,69400,100,8:31:26,20,63340,69500,5000,8:32:02,494,62301,69900,15
6,1397/7/25 8:32:04,2641,66879,1454,65559,68200,400,8:32:04,31,65092,68540,875,8:32:04,20,65092,69400,100,8:32:04,494,62301,69500,5000,8:32:04,159,62300,69900,15
7,1397/7/25 8:32:04,2641,66879,1454,65559,68200,400,8:32:04,31,65092,68540,875,8:32:04,20,65092,69400,100,8:32:12,494,62301,69900,15,8:32:12,159,62300,69969,1000
8,1397/7/25 8:32:04,2641,66879,1454,65559,68200,400,8:32:04,31,65092,68540,875,8:32:13,20,65092,68900,1000,8:32:13,494,62301,69400,100,8:32:13,159,62300,69900,15
9,1397/7/25 8:32:04,2641,66879,1454,65559,68200,400,8:32:04,31,65092,68540,875,8:32:34,25,65092,68900,1000,8:32:34,20,63340,69400,100,8:32:34,494,62301,69900,15
10,1397/7/25 8:32:04,2641,66879,1454,65559,68200,400,8:32:04,31,65092,68540,875,8:32:40,25,65092,68800,1000,8:32:40,20,63340,68900,1000,8:32:40,494,62301,69400,100
11,1397/7/25 8:32:04,2641,66879,1454,65559,68200,400,8:32:43,31,65092,68500,400,8:32:43,25,65092,68540,875,8:32:43,20,63340,68800,1000,8:32:43,494,62301,68900,1000
12,1397/7/25 8:32:54,2641,66879,1454,65559,68200,2010,8:32:43,31,65092,68500,400,8:32:43,25,65092,68540,875,8:32:43,20,63340,68800,1000,8:32:43,494,62301,68900,1000
13,1397/7/25 8:33:00,0,65559,1454,65559,65559,484,8:33:00,31,65092,68200,2010,8:33:00,25,65092,68500,400,8:33:00,20,63340,68540,875,8:33:00,494,62301,68800,1000
14,1397/7/25 8:33:00,0,65559,1454,65559,65559,484,8:33:00,31,65092,68200,2010,8:33:00,25,65092,68500,400,8:33:00,20,63340,68540,875,8:33:17,494,62301,68700,1000
15,1397/7/25 8:34:05,0,65559,1606,65559,65559,484,8:33:00,31,65092,68200,2010,8:33:00,25,65092,68500,400,8:33:00,20,63340,68540,875,8:33:17,494,62301,68700,1000
16,1397/7/25 8:34:05,0,65559,1606,65559,65559,484,8:33:00,31,65092,68200,2010,8:34:10,25,65092,68500,505,8:33:00,20,63340,68540,875,8:33:17,494,62301,68700,1000
17,1397/7/25 8:34:05,0,65559,1606,65559,65559,484,8:33:00,31,65092,68200,2010,8:34:33,1525,65092,68500,505,8:33:00,20,63340,68540,875,8:33:17,494,62301,68700,1000
18,1397/7/25 8:35:06,0,65559,1626,65559,65559,484,8:33:00,31,65092,68200,2010,8:34:33,1525,65092,68500,505,8:33:00,20,63340,68540,875,8:33:17,494,62301,68700,1000
19,1397/7/25 8:35:08,0,65559,6626,65559,65559,544,8:33:00,31,65092,68200,2010,8:34:33,1525,65092,68500,505,8:33:00,20,63340,68540,875,8:33:17,494,62301,68700,1000
20,1397/7/25 8:35:08,0,65559,6626,65559,65559,544,8:33:00,31,65092,68200,2010,8:35:09,1525,65092,68399,878,8:35:09,20,63340,68500,505,8:35:09,494,62301,68540,875
21,1397/7/25 8:35:08,0,65559,6626,65559,65559,544,8:33:00,31,65092,68200,2010,8:35:12,1675,65092,68399,878,8:35:09,20,63340,68500,505,8:35:09,494,62301,68540,875
22,1397/7/25 8:35:13,0,65559,11626,65559,65559,544,8:33:00,31,65092,68200,2010,8:35:12,1675,65092,68399,878,8:35:09,20,63340,68500,505,8:35:09,494,62301,68540,875
23,1397/7/25 8:35:18,0,65559,12126,65559,65559,544,8:33:00,31,65092,68200,2010,8:35:18,1175,65092,68399,878,8:35:09,20,63340,68500,505,8:35:09,494,62301,68540,875
24,1397/7/25 8:35:18,0,65559,12126,65559,65559,544,8:33:00,31,65092,68200,2010,8:35:18,1175,65092,68399,878,8:35:09,20,63340,68500,505,8:35:21,494,62301,68514,33
25,1397/7/25 8:35:26,0,65600,500,65600,65600,60,8:35:26,20,65560,68200,2010,8:35:26,11606,65560,68399,878,8:35:26,31,65092,68500,505,8:35:26,1175,65089,68514,33
26,1397/7/25 8:35:26,0,65600,500,65600,65600,60,8:35:26,20,65560,68200,2010,8:35:26,11606,65560,68399,878,8:35:41,31,65092,68500,520,8:35:26,1175,65089,68514,33
27,1397/7/25 8:35:26,0,65600,500,65600,65600,60,8:35:47,11606,65559,68200,2010,8:35:47,31,65559,68399,878,8:35:47,1175,65089,68500,520,8:35:47,20,63340,68514,33
28,1397/7/25 8:35:26,0,65600,500,65600,65600,60,8:36:02,11606,65559,68200,2510,8:35:47,31,65559,68399,878,8:35:47,1175,65089,68500,520,8:35:47,20,63340,68514,33
29,1397/7/25 8:36:09,0,65600,5500,65600,65600,60,8:36:02,11606,65559,68200,2510,8:35:47,31,65559,68399,878,8:35:47,1175,65089,68500,520,8:35:47,20,63340,68514,33
30,1397/7/25 8:36:10,0,65600,10500,65600,65600,60,8:36:02,11606,65559,68200,2510,8:35:47,31,65559,68399,878,8:35:47,1175,65089,68500,520,8:35:47,20,63340,68514,33
31,1397/7/25 8:36:10,0,65600,10500,65600,65600,60,8:36:02,11606,65559,68200,2510,8:35:47,31,65559,68399,878,8:36:12,1335,65089,68500,520,8:35:47,20,63340,68514,33
32,1397/7/25 8:36:22,0,65600,10522,65600,65600,60,8:36:02,11606,65559,68200,2510,8:35:47,31,65559,68399,878,8:36:12,1335,65089,68500,520,8:35:47,20,63340,68514,33
33,1397/7/25 8:36:57,0,65600,15872,65600,65600,60,8:36:02,11606,65559,68200,2510,8:35:47,31,65559,68399,878,8:36:12,1335,65089,68500,520,8:35:47,20,63340,68514,33
34,1397/7/25 8:37:18,0,65600,15882,65600,65600,60,8:36:02,11606,65559,68200,2510,8:35:47,31,65559,68399,878,8:36:12,1335,65089,68500,520,8:35:47,20,63340,68514,33
35,1397/7/25 8:37:18,0,65600,15882,65600,65600,60,8:36:02,11606,65559,68200,2510,8:37:19,200,65559,68399,878,8:37:19,31,65092,68500,520,8:37:19,1335,65089,68514,33
36,1397/7/25 8:37:18,0,65600,15882,65600,65600,60,8:36:02,11606,65559,68200,2510,8:37:25,3000,65559,68399,878,8:37:25,200,65150,68500,520,8:37:25,31,65092,68514,33
37,1397/7/25 8:37:27,0,65600,16382,65600,65600,60,8:36:02,11606,65559,68200,2510,8:37:25,3000,65559,68399,878,8:37:25,200,65150,68500,520,8:37:25,31,65092,68514,33
38,1397/7/25 8:37:37,0,68200,230,68200,68200,2570,8:37:37,16382,65600,68399,878,8:37:37,11606,65600,68500,520,8:37:37,3000,65500,68514,33,8:37:37,200,65150,68540,875
39,1397/7/25 8:37:37,0,68200,230,68200,68200,2570,8:37:37,16382,65600,68399,878,8:37:37,11606,65600,68500,520,8:37:47,3000,65500,68540,875,8:37:47,200,65150,68700,1000
40,1397/7/25 8:37:37,0,68200,230,68200,68200,2570,8:37:49,25,65601,68399,878,8:37:49,16382,65601,68500,520,8:37:49,11606,65559,68540,875,8:37:49,3000,65500,68700,1000
41,1397/7/25 8:37:37,0,68200,230,68200,68200,2570,8:37:51,30,65777,68399,878,8:37:51,25,65777,68500,520,8:37:51,16382,65600,68540,875,8:37:51,11606,65559,68700,1000
42,1397/7/25 8:37:37,0,68200,230,68200,68200,2570,8:38:50,5030,65777,68399,878,8:37:51,25,65777,68500,520,8:37:51,16382,65600,68540,875,8:37:51,11606,65559,68700,1000
43,1397/7/25 8:38:58,0,68200,230,68200,68200,2716,8:38:50,5030,65777,68399,878,8:37:51,25,65777,68500,520,8:37:51,16382,65600,68540,875,8:37:51,11606,65559,68700,1000
44,1397/7/25 8:39:01,0,68000,230,68000,68000,4060,8:39:01,5030,65777,68200,2656,8:39:01,25,65777,68399,878,8:39:01,16382,65600,68500,520,8:39:01,11606,65559,68540,875
45,1397/7/25 8:39:01,0,68000,230,68000,68000,4060,8:39:01,5030,65777,68200,2656,8:39:11,5025,65777,68399,878,8:39:01,16382,65600,68500,520,8:39:01,11606,65559,68540,875
46,1397/7/25 8:39:01,0,68000,230,68000,68000,4060,8:39:01,5030,65777,68200,2656,8:39:11,5025,65777,68399,878,8:39:13,16382,65600,68500,5520,8:39:01,11606,65559,68540,875
47,1397/7/25 8:39:22,0,68000,230,68000,68000,4110,8:39:01,5030,65777,68200,2656,8:39:11,5025,65777,68399,878,8:39:13,16382,65600,68500,5520,8:39:01,11606,65559,68540,875
48,1397/7/25 8:39:22,0,68000,230,68000,68000,4110,8:39:01,5030,65777,68200,2656,8:39:11,5025,65777,68399,878,8:39:40,16922,65600,68500,5520,8:39:01,11606,65559,68540,875
49,1397/7/25 8:39:22,0,68000,230,68000,68000,4110,8:39:01,5030,65777,68200,2656,8:39:11,5025,65777,68399,878,8:39:41,16922,65600,68500,5553,8:39:01,11606,65559,68540,875
50,1397/7/25 8:39:22,0,68000,230,68000,68000,4110,8:40:28,80,67001,68200,2656,8:40:28,5030,67001,68399,878,8:40:28,5025,65601,68500,5553,8:40:28,16922,65600,68540,875
51,1397/7/25 8:40:49,0,68000,530,68000,68000,4110,8:40:28,80,67001,68200,2656,8:40:28,5030,67001,68399,878,8:40:28,5025,65601,68500,5553,8:40:28,16922,65600,68540,875
52,1397/7/25 8:40:49,0,68000,530,68000,68000,4110,8:40:28,80,67001,68200,2656,8:40:28,5030,67001,68399,878,8:40:28,5025,65601,68500,5553,8:41:34,16922,65600,68514,244
53,1397/7/25 8:41:35,0,68000,530,68000,68000,5720,8:41:35,80,67001,68200,1046,8:40:28,5030,67001,68399,878,8:40:28,5025,65601,68500,5553,8:41:34,16922,65600,68514,244
54,1397/7/25 8:41:44,0,68000,1930,68000,68000,5720,8:41:35,80,67001,68200,1046,8:40:28,5030,67001,68399,878,8:40:28,5025,65601,68500,5553,8:41:34,16922,65600,68514,244
55,1397/7/25 8:42:23,0,68000,1930,68000,68000,5920,8:41:35,80,67001,68200,1046,8:40:28,5030,67001,68399,878,8:40:28,5025,65601,68500,5553,8:41:34,16922,65600,68514,244
56,1397/7/25 8:42:23,0,68000,1930,68000,68000,5920,8:42:46,37,67002,68200,1046,8:42:46,80,67002,68399,878,8:42:46,5030,65777,68500,5553,8:42:46,5025,65601,68514,244
57,1397/7/25 8:42:57,0,68000,1930,68000,68000,6161,8:42:46,37,67002,68200,1046,8:42:46,80,67002,68399,878,8:42:46,5030,65777,68500,5553,8:42:46,5025,65601,68514,244
58,1397/7/25 8:43:13,0,68000,530,68000,68000,6161,8:43:13,1537,67002,68200,1046,8:42:46,80,67002,68399,878,8:42:46,5030,65777,68500,5553,8:42:46,5025,65601,68514,244
59,1397/7/25 8:43:44,0,68000,530,68000,68000,6857,8:43:13,1537,67002,68200,1046,8:42:46,80,67002,68399,878,8:42:46,5030,65777,68500,5553,8:42:46,5025,65601,68514,244
60,1397/7/25 8:45:16,0,68000,1263,68000,68000,6857,8:43:13,1537,67002,68200,1046,8:42:46,80,67002,68399,878,8:42:46,5030,65777,68500,5553,8:42:46,5025,65601,68514,244
61,1397/7/25 8:45:16,0,68000,1263,68000,68000,6857,8:43:13,1537,67002,68200,1046,8:45:26,1565,67002,68399,878,8:42:46,5030,65777,68500,5553,8:42:46,5025,65601,68514,244
62,1397/7/25 8:45:36,0,68000,1416,68000,68000,6857,8:43:13,1537,67002,68200,1046,8:45:26,1565,67002,68399,878,8:42:46,5030,65777,68500,5553,8:42:46,5025,65601,68514,244
63,1397/7/25 8:45:56,0,68000,2916,68000,68000,6907,8:45:56,37,67002,68200,1046,8:45:26,1565,67002,68399,878,8:42:46,5030,65777,68500,5553,8:42:46,5025,65601,68514,244
64,1397/7/25 8:46:45,0,68000,2916,68000,68000,6211,8:45:56,37,67002,68200,1046,8:45:26,1565,67002,68399,878,8:42:46,5030,65777,68500,5553,8:42:46,5025,65601,68514,244
65,1397/7/25 8:46:45,0,68000,2916,68000,68000,6211,8:47:21,15,67003,68200,1046,8:47:21,37,67003,68399,878,8:47:21,1565,67001,68500,5553,8:47:21,5030,65777,68514,244
66,1397/7/25 8:47:45,0,68000,2916,68000,68000,6151,8:47:21,15,67003,68200,1046,8:47:21,37,67003,68399,878,8:47:21,1565,67001,68500,5553,8:47:21,5030,65777,68514,244
67,1397/7/25 8:47:56,0,68000,2916,68000,68000,6351,8:47:21,15,67003,68200,1046,8:47:21,37,67003,68399,878,8:47:21,1565,67001,68500,5553,8:47:21,5030,65777,68514,244
68,1397/7/25 8:47:56,0,68000,2916,68000,68000,6351,8:47:21,15,67003,68200,1046,8:47:21,37,67003,68399,878,8:48:14,1565,67001,68500,5653,8:47:21,5030,65777,68514,244
69,1397/7/25 8:47:56,0,68000,2916,68000,68000,6351,8:47:21,15,67003,68200,1046,8:49:05,1565,67003,68399,878,8:49:05,5030,65777,68500,5653,8:49:05,5025,65601,68514,244
70,1397/7/25 8:49:20,0,68000,2916,68000,68000,6851,8:47:21,15,67003,68200,1046,8:49:05,1565,67003,68399,878,8:49:05,5030,65777,68500,5653,8:49:05,5025,65601,68514,244
71,1397/7/25 8:49:33,0,68000,2916,68000,68000,6988,8:47:21,15,67003,68200,1046,8:49:05,1565,67003,68399,878,8:49:05,5030,65777,68500,5653,8:49:05,5025,65601,68514,244
72,1397/7/25 8:49:45,0,68000,2183,68000,68000,6988,8:47:21,15,67003,68200,1046,8:49:05,1565,67003,68399,878,8:49:05,5030,65777,68500,5653,8:49:05,5025,65601,68514,244
73,1397/7/25 8:50:17,0,68000,2183,68000,68000,9988,8:47:21,15,67003,68200,1046,8:49:05,1565,67003,68399,878,8:49:05,5030,65777,68500,5653,8:49:05,5025,65601,68514,244
74,1397/7/25 8:50:38,0,68000,2683,68000,68000,9988,8:47:21,15,67003,68200,1046,8:49:05,1565,67003,68399,878,8:49:05,5030,65777,68500,5653,8:49:05,5025,65601,68514,244
75,1397/7/25 8:50:38,0,68000,2683,68000,68000,9988,8:47:21,15,67003,68200,1046,8:49:05,1565,67003,68399,878,8:49:05,5030,65777,68500,5653,8:50:44,5025,65601,68540,875
76,1397/7/25 8:50:45,0,68000,2683,68000,68000,10093,8:47:21,15,67003,68200,1046,8:49:05,1565,67003,68399,878,8:50:45,5030,65777,68500,5548,8:50:44,5025,65601,68540,875
77,1397/7/25 8:51:08,0,68000,1183,68000,68000,10093,8:51:08,1515,67003,68200,1046,8:49:05,1565,67003,68399,878,8:50:45,5030,65777,68500,5548,8:50:44,5025,65601,68540,875
78,1397/7/25 8:51:08,0,68000,1183,68000,68000,10093,8:51:08,1515,67003,68200,1046,8:49:05,1565,67003,68399,878,8:51:13,30,65777,68500,5548,8:50:44,5025,65601,68540,875
79,1397/7/25 8:51:32,0,68000,1183,68000,68000,9893,8:51:08,1515,67003,68200,1046,8:49:05,1565,67003,68399,878,8:51:13,30,65777,68500,5548,8:50:44,5025,65601,68540,875
80,1397/7/25 8:51:32,0,68000,1183,68000,68000,9893,8:51:37,37,67005,68200,1046,8:51:37,1515,67005,68399,878,8:51:37,1565,67001,68500,5548,8:51:37,30,65777,68540,875
81,1397/7/25 8:51:32,0,68000,1183,68000,68000,9893,8:51:37,37,67005,68200,1046,8:51:37,1515,67005,68399,878,8:51:37,1565,67001,68500,5548,8:51:39,5000,66000,68540,875
82,1397/7/25 8:51:56,0,68000,1183,68000,68000,9953,8:51:37,37,67005,68200,1046,8:51:37,1515,67005,68399,878,8:51:37,1565,67001,68500,5548,8:51:39,5000,66000,68540,875
83,1397/7/25 8:52:29,0,68000,1183,68000,68000,12453,8:51:37,37,67005,68200,1046,8:51:37,1515,67005,68399,878,8:51:37,1565,67001,68500,5548,8:51:39,5000,66000,68540,875
84,1397/7/25 8:52:42,0,68000,1183,68000,68000,12602,8:51:37,37,67005,68200,1046,8:52:42,15,67005,68399,878,8:51:37,1565,67001,68500,5548,8:52:42,6500,66000,68540,875
85,1397/7/25 8:52:42,0,68000,1183,68000,68000,12602,8:51:37,37,67005,68200,1046,8:52:42,15,67005,68399,878,8:53:11,1565,67001,68500,548,8:53:11,6500,66000,68540,5875
86,1397/7/25 8:52:42,0,68000,1183,68000,68000,12602,8:53:34,15,67006,68200,1046,8:53:34,37,67006,68399,878,8:53:11,1565,67001,68500,548,8:53:11,6500,66000,68540,5875
87,1397/7/25 8:53:43,0,68000,1183,68000,68000,12552,8:53:34,15,67006,68200,1046,8:53:34,37,67006,68399,878,8:53:11,1565,67001,68500,548,8:53:11,6500,66000,68540,5875
88,1397/7/25 8:53:43,0,68000,1183,68000,68000,12552,8:53:34,15,67006,68200,1046,8:53:34,37,67006,68399,878,8:53:11,1565,67001,68500,548,8:54:10,6500,66000,68540,875
89,1397/7/25 8:54:47,0,68000,1183,68000,68000,10942,8:53:34,15,67006,68200,1046,8:53:34,37,67006,68399,878,8:53:11,1565,67001,68500,548,8:54:10,6500,66000,68540,875
90,1397/7/25 8:55:08,0,68000,1183,68000,68000,35942,8:53:34,15,67006,68200,1046,8:53:34,37,67006,68399,878,8:53:11,1565,67001,68500,548,8:54:10,6500,66000,68540,875
91,1397/7/25 8:55:15,0,68000,1183,68000,68000,35805,8:53:34,15,67006,68200,1046,8:53:34,37,67006,68399,878,8:53:11,1565,67001,68500,548,8:54:10,6500,66000,68540,875
92,1397/7/25 8:55:21,0,68000,6183,68000,68000,35805,8:53:34,15,67006,68200,1046,8:53:34,37,67006,68399,878,8:53:11,1565,67001,68500,548,8:54:10,6500,66000,68540,875
93,1397/7/25 8:55:37,0,68000,13183,68000,68000,35805,8:53:34,15,67006,68200,1046,8:53:34,37,67006,68399,878,8:53:11,1565,67001,68500,548,8:54:10,6500,66000,68540,875
94,1397/7/25 8:55:42,0,68000,13183,68000,68000,35942,8:53:34,15,67006,68200,1046,8:53:34,37,67006,68399,878,8:53:11,1565,67001,68500,548,8:54:10,6500,66000,68540,875
95,1397/7/25 8:55:49,0,68000,21183,68000,68000,35942,8:53:34,15,67006,68200,1046,8:53:34,37,67006,68399,878,8:53:11,1565,67001,68500,548,8:54:10,6500,66000,68540,875
96,1397/7/25 8:55:51,0,68000,21183,68000,68000,51942,8:53:34,15,67006,68200,1046,8:53:34,37,67006,68399,878,8:53:11,1565,67001,68500,548,8:54:10,6500,66000,68540,875
97,1397/7/25 8:55:54,0,68000,21455,68000,68000,51942,8:53:34,15,67006,68200,1046,8:53:34,37,67006,68399,878,8:53:11,1565,67001,68500,548,8:54:10,6500,66000,68540,875
98,1397/7/25 8:56:01,0,68000,21455,68000,68000,54694,8:53:34,15,67006,68200,1046,8:53:34,37,67006,68399,878,8:53:11,1565,67001,68500,548,8:54:10,6500,66000,68540,875
99,1397/7/25 8:56:31,0,68000,21455,68000,68000,56694,8:53:34,15,67006,68200,1046,8:53:34,37,67006,68399,878,8:53:11,1565,67001,68500,548,8:54:10,6500,66000,68540,875
100,1397/7/25 8:56:40,0,68000,21455,68000,68000,56794,8:53:34,15,67006,68200,1046,8:53:34,37,67006,68399,878,8:53:11,1565,67001,68500,548,8:56:40,6500,66000,68700,1000
101,1397/7/25 8:56:44,0,68000,21455,68000,68000,59306,8:53:34,15,67006,68200,1046,8:53:34,37,67006,68399,878,8:53:11,1565,67001,68500,548,8:56:40,6500,66000,68700,1000
102,1397/7/25 8:56:45,0,68000,21455,68000,68000,60306,8:53:34,15,67006,68200,1046,8:53:34,37,67006,68399,878,8:53:11,1565,67001,68500,548,8:56:40,6500,66000,68700,1000
103,1397/7/25 8:56:48,0,68000,21455,68000,68000,60541,8:53:34,15,67006,68200,1046,8:53:34,37,67006,68399,878,8:53:11,1565,67001,68500,548,8:56:40,6500,66000,68700,1000
104,1397/7/25 8:57:19,0,68000,21455,68000,68000,64541,8:53:34,15,67006,68200,1046,8:53:34,37,67006,68399,878,8:53:11,1565,67001,68500,548,8:56:40,6500,66000,68700,1000
105,1397/7/25 8:57:19,0,68000,21455,68000,68000,64541,8:53:34,15,67006,68200,1046,8:57:23,1565,67006,68399,878,8:57:23,6500,66000,68500,548,8:57:23,30,65777,68700,1000
106,1397/7/25 8:57:33,0,68000,21455,68000,68000,64306,8:53:34,15,67006,68200,1046,8:57:23,1565,67006,68399,878,8:57:23,6500,66000,68500,548,8:57:23,30,65777,68700,1000
107,1397/7/25 8:57:46,0,67500,21455,67500,67500,50849,8:57:46,15,67006,67900,7000,8:57:46,1565,67006,67950,100,8:57:46,6500,66000,67990,5324,8:57:46,30,65777,67999,241
108,1397/7/25 8:58:34,0,67500,21455,67500,67500,53361,8:57:46,15,67006,67900,7000,8:57:46,1565,67006,67950,100,8:58:34,6500,66000,67990,2812,8:57:46,30,65777,67999,241
109,1397/7/25 8:59:13,0,67500,21455,67500,67500,56113,8:57:46,15,67006,67900,7000,8:57:46,1565,67006,67950,100,8:59:13,6500,66000,67990,60,8:57:46,30,65777,67999,241
110,1397/7/25 8:59:29,0,67500,21475,67500,67500,56113,8:59:29,15,67006,67900,7509,8:57:46,1565,67006,67950,100,8:59:13,6500,66000,67990,60,8:57:46,30,65777,67999,241
111,1397/7/25 8:59:29,0,67500,21475,67500,67500,56113,8:59:34,15,67006,67900,7909,8:57:46,1565,67006,67950,100,8:59:13,6500,66000,67990,60,8:57:46,30,65777,67999,241
112,1397/7/25 8:59:38,0,67500,21475,67500,67500,56213,8:59:34,15,67006,67900,7909,8:59:38,1565,67006,67990,60,8:59:38,6500,66000,67999,241,8:59:38,30,65777,68000,50792
113,1397/7/25 8:59:38,0,67500,21475,67500,67500,56213,8:59:40,37,67007,67900,7909,8:59:40,15,67007,67990,60,8:59:40,1565,67001,67999,241,8:59:40,6500,66000,68000,52792
114,1397/7/25 8:59:52,0,67500,21203,67500,67500,60963,8:59:40,37,67007,67900,7909,8:59:40,15,67007,67990,60,8:59:40,1565,67001,67999,241,8:59:40,6500,66000,68000,52792
115,1397/7/25 8:59:52,0,67500,21203,67500,67500,60963,8:59:40,37,67007,67900,7909,8:59:40,15,67007,67990,60,8:59:40,1565,67001,67999,241,8:59:53,6800,66000,68000,52792
116,1397/7/25 8:59:52,0,67500,21203,67500,67500,60963,8:59:40,37,67007,67900,7909,8:59:40,15,67007,67990,60,8:59:40,1565,67001,67999,241,8:59:56,6800,66000,68000,36792
117,1397/7/25 9:00:08,493,67253,37,67007,67500,43008,9:00:08,15,67006,67900,7909,9:00:08,1565,67006,67990,60,9:00:08,6800,66000,67999,241,9:00:08,30,65777,68000,36792
118,1397/7/25 9:00:54,893,67453,37,67007,67900,7909,9:00:54,15,67006,67990,60,9:00:54,1565,67006,67999,241,9:00:54,6800,66000,68000,36792,9:00:54,30,65777,68200,1046
119,1397/7/25 9:00:54,893,67453,37,67007,67900,7909,9:00:54,15,67006,67990,60,9:00:54,1565,67006,67999,241,9:00:57,6800,66000,68000,37792,9:00:54,30,65777,68200,1046
120,1397/7/25 9:01:07,892,67454,270,67008,67900,7909,9:01:07,37,67007,67990,60,9:01:07,15,67007,67999,241,9:01:07,1565,67001,68000,37792,9:01:07,6800,66000,68200,1046
121,1397/7/25 9:01:08,492,67254,1270,67008,67500,100,9:01:08,37,67007,67900,7909,9:01:08,15,67007,67990,60,9:01:08,1565,67001,67999,241,9:01:08,6800,66000,68000,37792
122,1397/7/25 9:01:08,492,67254,1270,67008,67500,100,9:01:08,37,67007,67900,7909,9:01:08,15,67007,67990,60,9:01:09,4565,67001,67999,241,9:01:08,6800,66000,68000,37792
123,1397/7/25 9:01:08,492,67254,1270,67008,67500,100,9:01:08,37,67007,67900,7909,9:01:08,15,67007,67990,60,9:01:09,4565,67001,67999,241,9:01:18,6500,66000,68000,37792
124,1397/7/25 9:01:20,492,67254,1133,67008,67500,100,9:01:08,37,67007,67900,7909,9:01:08,15,67007,67990,60,9:01:09,4565,67001,67999,241,9:01:20,6500,66000,68000,37655
125,1397/7/25 9:01:21,492,67254,1133,67008,67500,85,9:01:08,37,67007,67900,7909,9:01:08,15,67007,67990,60,9:01:09,4565,67001,67999,241,9:01:20,6500,66000,68000,37655
126,1397/7/25 9:01:39,492,67254,733,67008,67500,85,9:01:08,37,67007,67900,7909,9:01:08,15,67007,67990,60,9:01:09,4565,67001,67999,241,9:01:20,6500,66000,68000,37655
127,1397/7/25 9:01:41,400,67700,715,67500,67900,7909,9:01:41,733,67008,67990,60,9:01:41,37,67008,67999,241,9:01:41,15,67006,68000,37655,9:01:41,4565,67001,68200,1046
128,1397/7/25 9:01:54,399,67699,715,67500,67899,3100,9:01:54,733,67008,67900,7909,9:01:54,37,67008,67990,60,9:01:54,15,67006,67999,241,9:01:54,4565,67001,68000,37655
129,1397/7/25 9:01:56,399,67699,415,67500,67899,3100,9:01:54,733,67008,67900,7909,9:01:54,37,67008,67990,60,9:01:54,15,67006,67999,241,9:01:54,4565,67001,68000,37655
130,1397/7/25 9:01:56,399,67699,415,67500,67899,3100,9:01:54,733,67008,67900,7909,9:01:54,37,67008,67990,60,9:01:54,15,67006,67999,241,9:02:02,4565,67001,68000,37855
131,1397/7/25 9:02:04,398,67699,415,67500,67898,8000,9:02:04,2233,67008,67899,3100,9:02:04,37,67008,67900,7909,9:02:04,15,67006,67990,60,9:02:04,4565,67001,67999,241
132,1397/7/25 9:02:06,492,67254,2233,67008,67500,107,9:02:06,37,67007,67898,8000,9:02:06,15,67007,67899,3100,9:02:06,4565,67001,67900,7909,9:02:06,5200,66000,67990,60
133,1397/7/25 9:02:07,492,67254,2233,67008,67500,122,9:02:06,37,67007,67898,8000,9:02:06,15,67007,67899,3100,9:02:06,4565,67001,67900,7909,9:02:07,200,67000,67990,60
134,1397/7/25 9:02:13,492,67254,1233,67008,67500,122,9:02:06,37,67007,67898,8000,9:02:06,15,67007,67899,3100,9:02:06,4565,67001,67900,7909,9:02:07,200,67000,67990,60
135,1397/7/25 9:02:18,1492,67754,1233,67008,68500,344,9:02:18,37,67007,68593,1500,9:02:18,15,67007,68700,1000,9:02:18,4565,67001,68800,1000,9:02:18,200,67000,68900,1000
136,1397/7/25 9:02:19,1000,66500,5400,66000,67000,1950,9:02:19,30,65777,68500,344,9:02:19,2000,65777,68593,1500,9:02:19,25,65601,68700,1000,9:02:19,7022,65600,68800,1000
137,1397/7/25 9:02:30,2400,67200,5400,66000,68400,1950,9:02:19,30,65777,68500,344,9:02:19,2000,65777,68593,1500,9:02:19,25,65601,68700,1000,9:02:19,7022,65600,68800,1000
138,1397/7/25 9:02:35,2400,67200,5547,66000,68400,1950,9:02:19,30,65777,68500,344,9:02:19,2000,65777,68593,1500,9:02:19,25,65601,68700,1000,9:02:19,7022,65600,68800,1000
139,1397/7/25 9:02:39,2300,67150,5547,66000,68300,6542,9:02:39,30,65777,68400,1950,9:02:39,2000,65777,68500,344,9:02:39,25,65601,68593,1500,9:02:39,7022,65600,68700,1000
140,1397/7/25 9:02:41,1900,66950,5547,66000,67900,18,9:02:41,30,65777,68300,6542,9:02:41,2000,65777,68400,1950,9:02:41,25,65601,68500,344,9:02:41,7022,65600,68593,1500
141,1397/7/25 9:02:44,1899,66950,20,66001,67900,18,9:02:44,5547,66000,68300,6542,9:02:44,30,66000,68400,1950,9:02:44,2000,65610,68500,344,9:02:44,25,65601,68593,1500
142,1397/7/25 9:02:44,1899,66950,20,66001,67900,18,9:02:51,5547,66000,68300,6653,9:02:51,30,66000,68400,1950,9:02:44,2000,65610,68500,344,9:02:44,25,65601,68593,1500
143,1397/7/25 9:02:53,1889,66945,20,66001,67890,250,9:02:53,5547,66000,67900,18,9:02:53,30,66000,68300,6653,9:02:53,2000,65610,68400,1950,9:02:53,25,65601,68500,344
144,1397/7/25 9:02:53,1889,66945,20,66001,67890,250,9:02:53,5547,66000,67900,18,9:02:54,30,66000,68250,2000,9:02:54,2000,65610,68300,6653,9:02:54,25,65601,68400,1950
145,1397/7/25 9:02:57,1889,66945,1020,66001,67890,250,9:02:53,5547,66000,67900,18,9:02:54,30,66000,68250,2000,9:02:54,2000,65610,68300,6653,9:02:54,25,65601,68400,1950
146,1397/7/25 9:02:57,1889,66945,1020,66001,67890,250,9:02:53,5547,66000,67900,18,9:02:54,30,66000,68250,2000,9:02:54,2000,65610,68300,6653,9:03:01,25,65601,68301,1000
147,1397/7/25 9:02:57,1889,66945,1020,66001,67890,250,9:02:53,5547,66000,67900,18,9:03:03,30,66000,68200,500,9:03:03,2000,65610,68250,2000,9:03:03,25,65601,68300,6653
148,1397/7/25 9:03:04,1799,66900,1020,66001,67800,2300,9:03:04,5547,66000,67890,3460,9:03:04,30,66000,67900,18,9:03:04,2000,65610,68200,500,9:03:04,25,65601,68250,2000
149,1397/7/25 9:03:04,1799,66900,1020,66001,67800,2300,9:03:04,5547,66000,67890,3460,9:03:04,30,66000,67900,18,9:03:07,2000,65610,68000,761,9:03:07,25,65601,68200,500
150,1397/7/25 9:03:10,1790,66905,1000,66010,67800,2300,9:03:10,1167,66001,67890,3460,9:03:10,5400,66001,67900,18,9:03:10,30,65611,68000,761,9:03:10,2000,65610,68200,500
151,1397/7/25 9:03:16,990,66505,1000,66010,67000,80,9:03:16,1167,66001,67800,2300,9:03:16,5400,66001,67890,3460,9:03:16,30,65611,67900,18,9:03:16,2000,65610,68000,761
152,1397/7/25 9:03:20,990,66505,1000,66010,67000,98,9:03:16,1167,66001,67800,2300,9:03:16,5400,66001,67890,3460,9:03:20,30,65611,68000,761,9:03:20,2000,65610,68200,500
153,1397/7/25 9:03:21,1790,66905,1000,66010,67800,1298,9:03:21,1167,66001,67890,3460,9:03:21,5400,66001,68000,761,9:03:21,30,65611,68200,500,9:03:21,2000,65610,68250,2000
154,1397/7/25 9:03:25,1590,66805,1000,66010,67600,31,9:03:25,1167,66001,67800,1298,9:03:25,5400,66001,67890,3460,9:03:25,30,65611,68000,761,9:03:25,2000,65610,68200,500
155,1397/7/25 9:03:25,1590,66805,1000,66010,67600,31,9:03:27,1167,66001,67800,4508,9:03:27,5400,66001,67890,250,9:03:25,30,65611,68000,761,9:03:25,2000,65610,68200,500
156,1397/7/25 9:03:25,1590,66805,1000,66010,67600,31,9:03:28,1167,66001,67799,3100,9:03:28,5400,66001,67800,4508,9:03:28,30,65611,67890,250,9:03:28,2000,65610,68000,761
157,1397/7/25 9:03:31,1590,66805,1147,66010,67600,31,9:03:31,1020,66001,67799,3100,9:03:28,5400,66001,67800,4508,9:03:28,30,65611,67890,250,9:03:28,2000,65610,68000,761
158,1397/7/25 9:03:34,1599,66800,583,66001,67600,31,9:03:34,5400,66000,67799,3100,9:03:34,30,66000,67800,4508,9:03:34,2000,65610,67890,250,9:03:34,25,65601,68000,761
159,1397/7/25 9:03:54,1499,66750,583,66001,67500,2000,9:03:54,5500,66000,67600,31,9:03:54,30,66000,67799,3100,9:03:54,2000,65610,67800,4508,9:03:54,25,65601,67890,250
160,1397/7/25 9:03:56,1890,66555,1571,65610,67500,2000,9:03:56,25,65601,67600,31,9:03:56,7522,65601,67799,3100,9:03:56,6454,65559,67800,4508,9:03:56,3270,65500,67890,250
161,1397/7/25 9:04:04,1499,66750,25,66001,67500,2000,9:04:04,1571,65610,67600,31,9:04:04,25,65610,67799,3100,9:04:04,7522,65600,67800,4508,9:04:04,6454,65559,67890,250
162,1397/7/25 9:04:11,1498,66751,490,66002,67500,2000,9:04:11,25,66001,67600,31,9:04:11,1500,66001,67799,3100,9:04:11,1571,65610,67800,4508,9:04:11,25,65601,67890,250
163,1397/7/25 9:04:13,1498,66751,490,66002,67500,5210,9:04:11,25,66001,67600,31,9:04:11,1500,66001,67799,3100,9:04:13,1571,65610,67800,1298,9:04:11,25,65601,67890,250
164,1397/7/25 9:04:13,1498,66751,490,66002,67500,5210,9:04:25,25,66001,67600,2031,9:04:11,1500,66001,67799,3100,9:04:13,1571,65610,67800,1298,9:04:11,25,65601,67890,250
165,1397/7/25 9:04:13,1498,66751,490,66002,67500,5210,9:04:25,25,66001,67600,2031,9:04:11,1500,66001,67799,3100,9:04:27,20,65611,67800,1298,9:04:27,1571,65610,67890,250
166,1397/7/25 9:04:29,1498,66751,490,66002,67500,2000,9:04:25,25,66001,67600,2031,9:04:11,1500,66001,67799,3100,9:04:27,20,65611,67800,1298,9:04:27,1571,65610,67890,250
167,1397/7/25 9:04:31,1488,66746,490,66002,67490,200,9:04:31,25,66001,67500,2000,9:04:31,1500,66001,67600,2031,9:04:31,20,65611,67799,3100,9:04:31,1571,65610,67800,1298
168,1397/7/25 9:04:31,1488,66746,490,66002,67490,200,9:04:31,25,66001,67500,2000,9:04:31,1500,66001,67600,2031,9:04:56,20,65611,67699,3100,9:04:31,1571,65610,67800,1298
169,1397/7/25 9:04:31,1488,66746,490,66002,67490,200,9:04:31,25,66001,67500,2000,9:04:59,1500,66001,67600,2073,9:04:56,20,65611,67699,3100,9:04:31,1571,65610,67800,1298
170,1397/7/25 9:05:00,1488,66746,490,66002,67490,611,9:04:31,25,66001,67500,2000,9:04:59,1500,66001,67600,2073,9:04:56,20,65611,67699,3100,9:04:31,1571,65610,67800,1298
171,1397/7/25 9:05:02,1,66001,25,66001,66002,510,9:05:02,1500,66000,67490,611,9:05:02,20,66000,67500,2000,9:05:02,20,65611,67600,2073,9:05:02,1571,65610,67699,3100
172,1397/7/25 9:05:02,1,66001,25,66001,66002,510,9:05:02,1500,66000,67490,611,9:05:02,20,66000,67500,2000,9:05:07,20,65611,67599,3100,9:05:07,1571,65610,67600,2073
173,1397/7/25 9:05:02,1,66001,25,66001,66002,510,9:05:10,1500,66000,67200,1610,9:05:10,20,66000,67490,721,9:05:10,20,65611,67500,2000,9:05:10,1571,65610,67599,3100
174,1397/7/25 9:05:14,1,66000,1500,66000,66001,485,9:05:14,20,65700,67200,1610,9:05:14,20,65700,67490,721,9:05:14,1571,65610,67500,2000,9:05:14,25,65601,67599,3100
175,1397/7/25 9:05:15,1,66000,1500,66000,66001,985,9:05:14,20,65700,67200,1610,9:05:14,20,65700,67490,721,9:05:14,1571,65610,67500,2000,9:05:14,25,65601,67599,3100
176,1397/7/25 9:05:15,1,66000,1500,66000,66001,985,9:05:14,20,65700,67200,1610,9:05:16,1500,65700,67490,721,9:05:16,20,65611,67500,2000,9:05:16,1571,65610,67599,3100
177,1397/7/25 9:05:18,300,65850,20,65700,66000,450,9:05:18,1500,65612,66001,985,9:05:18,20,65612,67200,1610,9:05:18,1571,65610,67490,721,9:05:18,25,65601,67500,2000
178,1397/7/25 9:05:22,1,66000,550,66000,66001,985,9:05:22,20,65700,67200,1610,9:05:22,1500,65700,67490,721,9:05:22,20,65611,67500,2000,9:05:22,1571,65610,67599,3100
179,1397/7/25 9:05:27,1,66000,65,66000,66001,500,9:05:22,20,65700,67200,1610,9:05:22,1500,65700,67490,721,9:05:22,20,65611,67500,2000,9:05:22,1571,65610,67599,3100
180,1397/7/25 9:05:28,1200,66600,65,66000,67200,1610,9:05:28,20,65700,67490,721,9:05:28,1500,65700,67500,2000,9:05:28,20,65611,67599,3100,9:05:28,1571,65610,67600,2073
181,1397/7/25 9:05:29,1588,66406,1385,65612,67200,1610,9:05:29,20,65611,67490,721,9:05:29,1571,65611,67500,2000,9:05:29,25,65601,67599,3100,9:05:29,7822,65600,67600,2073
182,1397/7/25 9:05:40,290,67345,890,67200,67490,721,9:05:40,1385,65612,67500,2000,9:05:40,20,65612,67599,3100,9:05:40,1571,65610,67600,2073,9:05:40,25,65601,67800,1298
183,1397/7/25 9:05:42,388,65806,1275,65612,66000,979,9:05:42,20,65611,67490,721,9:05:42,1571,65611,67500,2000,9:05:42,25,65601,67599,3100,9:05:42,7822,65600,67600,2073
184,1397/7/25 9:05:42,388,65806,1275,65612,66000,979,9:05:43,20,65611,67450,2000,9:05:43,1571,65611,67490,721,9:05:43,25,65601,67500,2000,9:05:43,7822,65600,67599,3100
185,1397/7/25 9:05:42,388,65806,1275,65612,66000,979,9:05:44,20,65611,67200,250,9:05:44,1571,65611,67450,2000,9:05:44,25,65601,67490,721,9:05:44,7822,65600,67500,2000
186,1397/7/25 9:05:47,387,65806,2500,65613,66000,979,9:05:47,1275,65612,67200,250,9:05:47,20,65612,67450,2000,9:05:47,1571,65610,67490,721,9:05:47,25,65601,67500,2000
187,1397/7/25 9:05:47,387,65806,2500,65613,66000,979,9:05:49,1375,65612,67200,250,9:05:47,20,65612,67450,2000,9:05:47,1571,65610,67490,721,9:05:47,25,65601,67500,2000
188,1397/7/25 9:05:50,387,65806,2500,65613,66000,479,9:05:49,1375,65612,67200,250,9:05:47,20,65612,67450,2000,9:05:47,1571,65610,67490,721,9:05:47,25,65601,67500,2000
189,1397/7/25 9:05:52,387,65806,2500,65613,66000,449,9:05:49,1375,65612,67200,250,9:05:47,20,65612,67450,2000,9:05:47,1571,65610,67490,721,9:05:47,25,65601,67500,2000
190,1397/7/25 9:05:53,387,65806,2500,65613,66000,432,9:05:49,1375,65612,67200,250,9:05:47,20,65612,67450,2000,9:05:47,1571,65610,67490,721,9:05:47,25,65601,67500,2000
191,1397/7/25 9:05:56,387,65806,2458,65613,66000,432,9:05:49,1375,65612,67200,250,9:05:47,20,65612,67450,2000,9:05:47,1571,65610,67490,721,9:05:47,25,65601,67500,2000
192,1397/7/25 9:05:59,387,65806,3458,65613,66000,456,9:05:49,1375,65612,67200,250,9:05:47,20,65612,67450,2000,9:05:47,1571,65610,67490,721,9:05:47,25,65601,67500,2000
193,1397/7/25 9:06:00,387,65806,3458,65613,66000,406,9:06:00,1375,65612,67200,1011,9:05:47,20,65612,67450,2000,9:05:47,1571,65610,67490,721,9:05:47,25,65601,67500,2000
194,1397/7/25 9:06:00,387,65806,3458,65613,66000,406,9:06:02,1375,65612,67000,797,9:06:02,20,65612,67200,1011,9:06:02,1571,65610,67450,2000,9:06:02,25,65601,67490,721
195,1397/7/25 9:06:03,386,65807,1275,65614,66000,406,9:06:03,3458,65613,67000,797,9:06:03,100,65613,67200,2011,9:06:03,20,65611,67450,2000,9:06:03,1571,65610,67490,721
196,1397/7/25 9:06:08,386,65807,1275,65614,66000,788,9:06:03,3458,65613,67000,797,9:06:03,100,65613,67200,2011,9:06:03,20,65611,67450,2000,9:06:03,1571,65610,67490,721
197,1397/7/25 9:06:10,500,66750,2212,66500,67000,797,9:06:10,1275,65614,67200,2011,9:06:10,3458,65614,67450,2000,9:06:10,100,65612,67490,721,9:06:10,20,65611,67500,2000
198,1397/7/25 9:06:11,500,66750,1157,66500,67000,797,9:06:11,100,65620,67200,2011,9:06:11,1275,65620,67450,2000,9:06:11,3458,65613,67490,721,9:06:11,100,65612,67500,2000
199,1397/7/25 9:06:11,500,66750,1157,66500,67000,797,9:06:13,100,66000,67200,2011,9:06:13,100,66000,67450,2000,9:06:13,1275,65614,67490,721,9:06:13,3458,65613,67500,2000
200,1397/7/25 9:06:14,500,66750,157,66500,67000,797,9:06:13,100,66000,67200,2011,9:06:13,100,66000,67450,2000,9:06:13,1275,65614,67490,721,9:06:13,3458,65613,67500,2000
201,1397/7/25 9:06:14,500,66750,157,66500,67000,797,9:06:13,100,66000,67200,2011,9:06:23,1000,66000,67450,2000,9:06:23,100,65620,67490,721,9:06:23,1275,65614,67500,2000
202,1397/7/25 9:06:14,500,66750,157,66500,67000,797,9:06:27,150,66000,67200,2011,9:06:23,1000,66000,67450,2000,9:06:23,100,65620,67490,721,9:06:23,1275,65614,67500,2000
203,1397/7/25 9:06:31,500,66750,157,66500,67000,3192,9:06:31,1658,66000,67200,2011,9:06:31,1000,66000,67400,100,9:06:31,100,65620,67450,2000,9:06:31,1275,65614,67490,721
204,1397/7/25 9:06:31,500,66750,157,66500,67000,3192,9:06:31,1658,66000,67200,2011,9:06:31,1000,66000,67400,100,9:06:31,100,65620,67450,2000,9:06:43,1000,65615,67490,721
205,1397/7/25 9:06:31,500,66750,157,66500,67000,3192,9:06:31,1658,66000,67200,2011,9:06:31,1000,66000,67400,100,9:06:49,6926,65620,67450,2000,9:06:43,1000,65615,67490,721
206,1397/7/25 9:06:51,500,66250,1658,66000,66500,93,9:06:51,1000,65650,67000,3192,9:06:51,6926,65650,67200,2011,9:06:51,1000,65615,67400,100,9:06:51,1275,65614,67450,2000
207,1397/7/25 9:06:52,499,66250,20,66001,66500,93,9:06:52,1658,66000,67000,3192,9:06:52,1000,66000,67200,2011,9:06:52,6926,65620,67400,100,9:06:52,1000,65615,67450,2000
208,1397/7/25 9:06:56,499,66250,20,66001,66500,1093,9:06:52,1658,66000,67000,3192,9:06:52,1000,66000,67200,2011,9:06:52,6926,65620,67400,100,9:06:52,1000,65615,67450,2000
209,1397/7/25 9:06:56,499,66250,20,66001,66500,1093,9:06:58,1658,66000,67000,4192,9:06:58,1050,66000,67200,2011,9:06:52,6926,65620,67400,100,9:06:52,1000,65615,67450,2000
210,1397/7/25 9:07:01,499,66250,20,66001,66500,1293,9:06:58,1658,66000,67000,4192,9:06:58,1050,66000,67200,2011,9:06:52,6926,65620,67400,100,9:06:52,1000,65615,67450,2000
211,1397/7/25 9:07:01,499,66250,20,66001,66500,1293,9:07:03,1658,66000,67000,5250,9:06:58,1050,66000,67200,2011,9:06:52,6926,65620,67400,100,9:06:52,1000,65615,67450,2000
212,1397/7/25 9:07:01,499,66250,20,66001,66500,1293,9:07:03,1658,66000,67000,5250,9:06:58,1050,66000,67200,2011,9:07:04,1275,65621,67400,100,9:07:04,6926,65620,67450,2000
213,1397/7/25 9:07:05,499,66250,1,66001,66500,1293,9:07:03,1658,66000,67000,5250,9:06:58,1050,66000,67200,2011,9:07:04,1275,65621,67400,100,9:07:04,6926,65620,67450,2000
214,1397/7/25 9:07:06,498,66251,1000,66002,66500,1293,9:07:06,1,66001,67000,5350,9:07:06,3166,66001,67200,2011,9:07:06,1050,65650,67400,100,9:07:06,1275,65621,67450,2000
215,1397/7/25 9:07:06,498,66251,1000,66002,66500,1293,9:07:14,1,66001,66950,2000,9:07:14,3166,66001,67000,5350,9:07:14,1050,65650,67200,2011,9:07:14,1275,65621,67400,100
216,1397/7/25 9:07:20,498,66251,1000,66002,66500,1093,9:07:14,1,66001,66950,2000,9:07:14,3166,66001,67000,5350,9:07:14,1050,65650,67200,2011,9:07:14,1275,65621,67400,100
217,1397/7/25 9:07:21,498,66251,1000,66002,66500,593,9:07:14,1,66001,66950,2000,9:07:14,3166,66001,67000,5350,9:07:14,1050,65650,67200,2011,9:07:14,1275,65621,67400,100
218,1397/7/25 9:07:23,440,66730,307,66510,66950,2000,9:07:23,1000,66002,67000,5350,9:07:23,1,66002,67200,2011,9:07:23,3666,66000,67400,100,9:07:23,1050,65650,67450,2000
219,1397/7/25 9:07:24,498,66251,1000,66002,66500,176,9:07:24,1,66001,66950,2000,9:07:24,3666,66001,67000,5350,9:07:24,1050,65650,67200,2011,9:07:24,1275,65621,67400,100
220,1397/7/25 9:07:24,498,66251,1000,66002,66500,176,9:07:24,1,66001,66950,2000,9:07:24,3666,66001,67000,5350,9:07:26,2000,65651,67200,2011,9:07:26,1050,65650,67400,100
221,1397/7/25 9:07:29,498,66251,800,66002,66500,176,9:07:24,1,66001,66950,2000,9:07:24,3666,66001,67000,5350,9:07:26,2000,65651,67200,2011,9:07:26,1050,65650,67400,100
222,1397/7/25 9:07:29,498,66251,800,66002,66500,176,9:07:33,501,66001,66950,2000,9:07:24,3666,66001,67000,5350,9:07:26,2000,65651,67200,2011,9:07:26,1050,65650,67400,100
223,1397/7/25 9:07:34,497,66251,25,66003,66500,176,9:07:34,10800,66002,66950,2000,9:07:34,500,66002,67000,5350,9:07:34,3666,66000,67200,2011,9:07:34,2000,65651,67400,100
224,1397/7/25 9:07:34,497,66251,25,66003,66500,176,9:07:34,10800,66002,66950,2000,9:07:34,500,66002,67000,5350,9:07:39,5966,66000,67200,2011,9:07:34,2000,65651,67400,100
225,1397/7/25 9:07:34,497,66251,25,66003,66500,176,9:07:34,10800,66002,66950,2000,9:07:44,1254,66002,67000,5350,9:07:39,5966,66000,67200,2011,9:07:34,2000,65651,67400,100
226,1397/7/25 9:07:47,497,66251,1025,66003,66500,176,9:07:34,10800,66002,66950,2000,9:07:44,1254,66002,67000,5350,9:07:47,5991,66000,67200,2011,9:07:34,2000,65651,67400,100
227,1397/7/25 9:07:47,497,66251,1025,66003,66500,176,9:07:34,10800,66002,66950,2000,9:07:44,1254,66002,67000,5350,9:07:47,5991,66000,67200,2011,9:07:49,1000,65652,67400,100
228,1397/7/25 9:07:51,496,66252,800,66004,66500,176,9:07:51,1025,66003,66950,2000,9:07:51,10000,66003,67000,5350,9:07:51,1254,66001,67200,2011,9:07:51,5991,66000,67400,100
229,1397/7/25 9:07:51,496,66252,800,66004,66500,176,9:07:51,1025,66003,66950,2000,9:07:51,10000,66003,67000,5350,9:07:53,2762,66001,67200,2011,9:07:53,4483,66000,67400,100
230,1397/7/25 9:07:57,450,66725,324,66500,66950,2000,9:07:57,800,66004,67000,5350,9:07:57,1025,66004,67100,100,9:07:57,10000,66002,67200,2011,9:07:57,2762,66001,67400,100
231,1397/7/25 9:07:57,450,66725,324,66500,66950,2000,9:07:57,800,66004,67000,5350,9:07:59,1042,66004,67100,100,9:07:57,10000,66002,67200,2011,9:07:57,2762,66001,67400,100
232,1397/7/25 9:07:57,450,66725,324,66500,66950,2000,9:08:08,850,66004,67000,5350,9:07:59,1042,66004,67100,100,9:07:57,10000,66002,67200,2011,9:08:08,4270,66001,67400,100
233,1397/7/25 9:08:10,496,66252,850,66004,66500,176,9:08:10,1042,66003,66950,2000,9:08:10,10000,66003,67000,5350,9:08:10,4270,66001,67100,100,9:08:10,2975,66000,67200,2011
234,1397/7/25 9:08:10,496,66252,850,66004,66500,176,9:08:14,1042,66003,66950,2600,9:08:10,10000,66003,67000,5350,9:08:10,4270,66001,67100,100,9:08:10,2975,66000,67200,2011
235,1397/7/25 9:08:17,496,66252,850,66004,66500,426,9:08:14,1042,66003,66950,2600,9:08:10,10000,66003,67000,5350,9:08:10,4270,66001,67100,100,9:08:17,2975,66000,67200,1761
236,1397/7/25 9:08:17,496,66252,850,66004,66500,426,9:08:14,1042,66003,66950,2600,9:08:10,10000,66003,67000,5350,9:08:18,9270,66001,67100,100,9:08:17,2975,66000,67200,1761
237,1397/7/25 9:08:22,496,66252,1350,66004,66500,426,9:08:14,1042,66003,66950,2600,9:08:10,10000,66003,67000,5350,9:08:18,9270,66001,67100,100,9:08:22,3487,66000,67200,1761
238,1397/7/25 9:08:24,496,66252,1350,66004,66500,326,9:08:14,1042,66003,66950,2600,9:08:10,10000,66003,67000,5350,9:08:18,9270,66001,67100,100,9:08:22,3487,66000,67200,1761
239,1397/7/25 9:08:25,496,66252,2350,66004,66500,309,9:08:25,4042,66003,66950,2600,9:08:10,10000,66003,67000,5350,9:08:18,9270,66001,67100,100,9:08:22,3487,66000,67200,1761
240,1397/7/25 9:08:25,496,66252,2350,66004,66500,309,9:08:27,4042,66003,66900,2000,9:08:27,10000,66003,66950,2600,9:08:27,9270,66001,67000,5350,9:08:27,3487,66000,67100,100
241,1397/7/25 9:08:29,496,66252,2495,66004,66500,309,9:08:27,4042,66003,66900,2000,9:08:27,10000,66003,66950,2600,9:08:27,9270,66001,67000,5350,9:08:27,3487,66000,67100,100
242,1397/7/25 9:08:31,495,66252,25,66005,66500,309,9:08:31,2495,66004,66900,2000,9:08:31,4017,66004,66950,2600,9:08:31,10000,66002,67000,5350,9:08:31,9270,66001,67100,100
243,1397/7/25 9:08:32,495,66252,50,66005,66500,309,9:08:31,2495,66004,66900,2000,9:08:31,4017,66004,66950,2600,9:08:31,10000,66002,67000,5350,9:08:31,9270,66001,67100,100
244,1397/7/25 9:08:35,493,66253,20,66007,66500,209,9:08:35,50,66005,66900,2000,9:08:35,2495,66005,66950,2600,9:08:35,4017,66003,67000,5350,9:08:35,10000,66002,67100,100
245,1397/7/25 9:08:35,493,66253,20,66007,66500,209,9:08:36,50,66005,66600,31,9:08:36,2495,66005,66900,2000,9:08:36,4017,66003,66950,2600,9:08:36,10000,66002,67000,5350
246,1397/7/25 9:08:38,496,66252,2265,66004,66500,209,9:08:38,4017,66003,66600,31,9:08:38,10000,66003,66900,2000,9:08:38,9270,66001,66950,2600,9:08:38,3462,66000,67000,5350
247,1397/7/25 9:08:43,496,66252,2265,66004,66500,13409,9:08:38,4017,66003,66600,31,9:08:38,10000,66003,66900,2000,9:08:38,9270,66001,66950,2600,9:08:38,3462,66000,67000,5350
248,1397/7/25 9:08:44,495,66252,512,66005,66500,13409,9:08:44,2265,66004,66600,31,9:08:44,4017,66004,66900,2000,9:08:44,10000,66002,66950,2600,9:08:44,9270,66001,67000,5350
249,1397/7/25 9:08:52,400,66300,500,66100,66500,13409,9:08:52,512,66005,66600,31,9:08:52,2265,66005,66900,2000,9:08:52,4017,66003,66950,2600,9:08:52,10000,66002,67000,5350
250,1397/7/25 9:08:52,400,66300,500,66100,66500,13409,9:08:53,570,66006,66600,31,9:08:53,512,66006,66900,2000,9:08:53,1695,66004,66950,2600,9:08:53,4017,66003,67000,5350
251,1397/7/25 9:08:59,400,66300,500,66100,66500,11109,9:08:53,570,66006,66600,31,9:08:53,512,66006,66900,2000,9:08:53,1695,66004,66950,2600,9:08:53,4017,66003,67000,5350
252,1397/7/25 9:08:59,400,66300,500,66100,66500,11109,9:09:02,1570,66006,66600,31,9:08:53,512,66006,66900,2000,9:08:53,1695,66004,66950,2600,9:09:02,3017,66003,67000,5350
253,1397/7/25 9:08:59,400,66300,500,66100,66500,11109,9:09:05,600,66050,66600,31,9:09:05,1570,66050,66900,2000,9:09:05,512,66005,66950,2600,9:09:05,1695,66004,67000,5350
254,1397/7/25 9:09:13,300,66350,140,66200,66500,11109,9:09:13,500,66100,66600,31,9:09:13,600,66100,66900,2000,9:09:13,1570,66006,66950,2600,9:09:13,512,66005,67000,5350
255,1397/7/25 9:09:13,300,66350,140,66200,66500,11109,9:09:17,600,66100,66600,31,9:09:13,600,66100,66900,2000,9:09:13,1570,66006,66950,2600,9:09:13,512,66005,67000,5350
256,1397/7/25 9:09:13,300,66350,140,66200,66500,11109,9:09:18,650,66100,66600,31,9:09:13,600,66100,66900,2000,9:09:13,1570,66006,66950,2600,9:09:13,512,66005,67000,5350
257,1397/7/25 9:09:21,250,66375,512,66250,66500,11109,9:09:21,140,66200,66600,31,9:09:21,650,66200,66900,2000,9:09:21,600,66050,66950,2600,9:09:21,1570,66006,67000,5350
258,1397/7/25 9:09:23,250,66375,512,66250,66500,11039,9:09:23,650,66100,66600,31,9:09:23,600,66100,66900,2000,9:09:23,1570,66006,66950,2600,9:09:23,1550,66004,67000,5350
259,1397/7/25 9:09:30,150,66325,512,66250,66400,217,9:09:30,650,66100,66500,11039,9:09:30,600,66100,66600,31,9:09:30,1570,66006,66900,2000,9:09:30,1550,66004,66950,2600
260,1397/7/25 9:09:30,150,66325,512,66250,66400,217,9:09:30,650,66100,66500,11039,9:09:31,1250,66100,66600,31,9:09:30,1570,66006,66900,2000,9:09:30,1550,66004,66950,2600
261,1397/7/25 9:09:30,150,66325,512,66250,66400,217,9:09:36,650,66100,66500,12039,9:09:31,1250,66100,66600,31,9:09:30,1570,66006,66900,2000,9:09:30,1550,66004,66950,2600
262,1397/7/25 9:09:39,149,66324,512,66250,66399,200,9:09:39,650,66100,66400,217,9:09:39,1250,66100,66500,12039,9:09:39,1570,66006,66600,31,9:09:39,1550,66004,66900,2000
263,1397/7/25 9:09:42,250,66375,512,66250,66500,11956,9:09:42,650,66100,66600,31,9:09:42,1250,66100,66900,2000,9:09:42,1570,66006,66950,2600,9:09:42,1550,66004,67000,5350
264,1397/7/25 9:09:44,250,66375,507,66250,66500,11956,9:09:42,650,66100,66600,31,9:09:42,1250,66100,66900,2000,9:09:42,1570,66006,66950,2600,9:09:42,1550,66004,67000,5350
265,1397/7/25 9:09:46,250,66375,363,66250,66500,11956,9:09:42,650,66100,66600,31,9:09:42,1250,66100,66900,2000,9:09:42,1570,66006,66950,2600,9:09:42,1550,66004,67000,5350
266,1397/7/25 9:09:53,200,66400,600,66300,66500,11956,9:09:53,363,66250,66600,31,9:09:53,650,66250,66900,2000,9:09:53,650,66050,66950,2600,9:09:53,1570,66006,67000,5350
267,1397/7/25 9:09:59,200,66400,600,66300,66500,10956,9:09:53,363,66250,66600,31,9:09:53,650,66250,66900,2000,9:09:53,650,66050,66950,2600,9:09:53,1570,66006,67000,5350
268,1397/7/25 9:10:06,200,66400,600,66300,66500,11556,9:09:53,363,66250,66600,31,9:09:53,650,66250,66900,2000,9:10:06,650,66050,66950,2000,9:09:53,1570,66006,67000,5350
269,1397/7/25 9:10:06,200,66400,600,66300,66500,11556,9:09:53,363,66250,66600,31,9:10:17,3650,66250,66900,2000,9:10:06,650,66050,66950,2000,9:09:53,1570,66006,67000,5350
270,1397/7/25 9:10:20,100,66350,600,66300,66400,10000,9:10:20,363,66250,66500,11556,9:10:20,3650,66250,66600,31,9:10:20,650,66050,66900,2000,9:10:20,1570,66006,66950,2000
271,1397/7/25 9:10:20,100,66350,600,66300,66400,10000,9:10:23,363,66250,66500,11884,9:10:20,3650,66250,66600,31,9:10:20,650,66050,66900,2000,9:10:20,1570,66006,66950,2000
272,1397/7/25 9:10:31,99,66349,600,66300,66399,10000,9:10:31,363,66250,66400,10000,9:10:31,3650,66250,66500,11884,9:10:31,650,66050,66600,31,9:10:31,1570,66006,66900,2000
273,1397/7/25 9:10:33,99,66349,600,66300,66399,9950,9:10:31,363,66250,66400,10000,9:10:31,3650,66250,66500,11884,9:10:31,650,66050,66600,31,9:10:31,1570,66006,66900,2000
274,1397/7/25 9:10:36,99,66349,5600,66300,66399,9950,9:10:31,363,66250,66400,10000,9:10:31,3650,66250,66500,11884,9:10:31,650,66050,66600,31,9:10:31,1570,66006,66900,2000
275,1397/7/25 9:10:36,99,66349,5600,66300,66399,9950,9:10:31,363,66250,66400,10000,9:10:37,3650,66250,66499,10000,9:10:37,650,66050,66500,11884,9:10:37,1570,66006,66600,31
276,1397/7/25 9:10:36,99,66349,5600,66300,66399,9950,9:10:31,363,66250,66400,10000,9:10:37,3650,66250,66499,10000,9:10:37,650,66050,66500,11884,9:10:44,1570,66006,66549,10000
277,1397/7/25 9:10:36,99,66349,5600,66300,66399,9950,9:10:31,363,66250,66400,10000,9:10:48,100,66250,66499,10000,9:10:48,3650,66100,66500,11884,9:10:48,650,66050,66549,10000
278,1397/7/25 9:10:36,99,66349,5600,66300,66399,9950,9:10:31,363,66250,66400,10000,9:10:48,100,66250,66499,10000,9:10:48,3650,66100,66500,11884,9:10:50,650,66055,66549,10000
279,1397/7/25 9:10:58,98,66350,18,66301,66399,9950,9:10:58,5600,66300,66400,10000,9:10:58,363,66300,66499,10000,9:10:58,100,66200,66500,11884,9:10:58,3650,66100,66549,10000
280,1397/7/25 9:11:10,98,66350,1018,66301,66399,9950,9:10:58,5600,66300,66400,10000,9:10:58,363,66300,66499,10000,9:10:58,100,66200,66500,11884,9:10:58,3650,66100,66549,10000
281,1397/7/25 9:11:16,99,66349,4288,66300,66399,9950,9:11:16,363,66250,66400,10000,9:11:16,100,66250,66499,10000,9:11:16,3650,66100,66500,11884,9:11:16,650,66055,66549,10000
282,1397/7/25 9:11:19,99,66349,4088,66300,66399,9950,9:11:16,363,66250,66400,10000,9:11:16,100,66250,66499,10000,9:11:16,3650,66100,66500,11884,9:11:16,650,66055,66549,10000
283,1397/7/25 9:11:20,99,66349,4088,66300,66399,11008,9:11:16,363,66250,66400,10000,9:11:16,100,66250,66499,10000,9:11:16,3650,66100,66500,11884,9:11:16,650,66055,66549,10000
284,1397/7/25 9:11:21,98,66350,650,66301,66399,11008,9:11:21,4088,66300,66400,10000,9:11:21,363,66300,66499,10000,9:11:21,100,66200,66500,11884,9:11:21,3650,66100,66549,10000
285,1397/7/25 9:11:26,97,66349,650,66301,66398,328,9:11:26,4088,66300,66399,11008,9:11:26,363,66300,66400,10000,9:11:26,100,66200,66499,10000,9:11:26,3650,66100,66500,11556
286,1397/7/25 9:11:27,1,66300,4088,66300,66301,790,9:11:27,363,66250,66398,328,9:11:27,100,66250,66399,11008,9:11:27,3650,66100,66400,10000,9:11:27,1570,66006,66499,10000
287,1397/7/25 9:11:32,1,66300,4018,66300,66301,790,9:11:27,363,66250,66398,328,9:11:27,100,66250,66399,11008,9:11:27,3650,66100,66400,10000,9:11:27,1570,66006,66499,10000
288,1397/7/25 9:11:37,1,66300,3221,66300,66301,790,9:11:27,363,66250,66398,328,9:11:27,100,66250,66399,11008,9:11:27,3650,66100,66400,10000,9:11:27,1570,66006,66499,10000
289,1397/7/25 9:11:37,1,66300,3221,66300,66301,790,9:11:39,363,66260,66398,328,9:11:27,100,66260,66399,11008,9:11:27,3650,66100,66400,10000,9:11:27,1570,66006,66499,10000
290,1397/7/25 9:11:40,1,66300,2971,66300,66301,790,9:11:39,363,66260,66398,328,9:11:27,100,66260,66399,11008,9:11:27,3650,66100,66400,10000,9:11:27,1570,66006,66499,10000
291,1397/7/25 9:11:46,1,66300,1913,66300,66301,790,9:11:39,363,66260,66398,328,9:11:46,100,66260,66399,9950,9:11:27,3650,66100,66400,10000,9:11:27,1570,66006,66499,10000
292,1397/7/25 9:11:51,1,66300,1913,66300,66301,770,9:11:39,363,66260,66398,328,9:11:46,100,66260,66399,9950,9:11:27,3650,66100,66400,10000,9:11:27,1570,66006,66499,10000
293,1397/7/25 9:12:08,1,66300,1913,66300,66301,750,9:11:39,363,66260,66398,328,9:11:46,100,66260,66399,9950,9:11:27,3650,66100,66400,10000,9:11:27,1570,66006,66499,10000
294,1397/7/25 9:12:10,1,66300,6913,66300,66301,750,9:11:39,363,66260,66398,328,9:11:46,100,66260,66399,9950,9:11:27,3650,66100,66400,10000,9:11:27,1570,66006,66499,10000
295,1397/7/25 9:12:17,1,66300,6213,66300,66301,750,9:11:39,363,66260,66398,328,9:11:46,100,66260,66399,9950,9:11:27,3650,66100,66400,10000,9:11:27,1570,66006,66499,10000
296,1397/7/25 9:12:17,1,66300,6213,66300,66301,750,9:11:39,363,66260,66398,328,9:12:21,700,66260,66399,9950,9:11:27,3650,66100,66400,10000,9:11:27,1570,66006,66499,10000
297,1397/7/25 9:12:25,40,66280,363,66260,66300,3787,9:12:25,700,66200,66301,750,9:12:25,3650,66200,66398,328,9:12:25,1570,66006,66399,9950,9:12:25,1550,66004,66400,10000
298,1397/7/25 9:12:32,40,66280,363,66260,66300,3217,9:12:25,700,66200,66301,750,9:12:25,3650,66200,66398,328,9:12:32,1000,66006,66399,9950,9:12:25,1550,66004,66400,10000
299,1397/7/25 9:12:37,40,66280,423,66260,66300,3217,9:12:25,700,66200,66301,750,9:12:25,3650,66200,66398,328,9:12:32,1000,66006,66399,9950,9:12:25,1550,66004,66400,10000
300,1397/7/25 9:12:40,40,66280,60,66260,66300,2854,9:12:25,700,66200,66301,750,9:12:25,3650,66200,66398,328,9:12:32,1000,66006,66399,9950,9:12:25,1550,66004,66400,10000
301,1397/7/25 9:12:43,40,66280,60,66260,66300,3154,9:12:25,700,66200,66301,750,9:12:25,3650,66200,66398,328,9:12:32,1000,66006,66399,9950,9:12:25,1550,66004,66400,10000
302,1397/7/25 9:12:46,40,66280,160,66260,66300,3154,9:12:25,700,66200,66301,750,9:12:25,3650,66200,66398,328,9:12:32,1000,66006,66399,9950,9:12:25,1550,66004,66400,10000
303,1397/7/25 9:12:46,40,66280,160,66260,66300,3154,9:12:47,720,66200,66301,750,9:12:25,3650,66200,66398,328,9:12:32,1000,66006,66399,9950,9:12:25,1550,66004,66400,10000
304,1397/7/25 9:12:50,298,66151,7080,66002,66300,3154,9:12:50,9270,66001,66301,750,9:12:50,1868,66001,66398,10328,9:12:50,40,65800,66399,9950,9:12:50,2500,65660,66499,10000
305,1397/7/25 9:12:56,298,66151,7080,66002,66300,2954,9:12:50,9270,66001,66301,750,9:12:50,1868,66001,66398,10328,9:12:50,40,65800,66399,9950,9:12:50,2500,65660,66499,10000
306,1397/7/25 9:13:10,298,66151,7080,66002,66300,3554,9:12:50,9270,66001,66301,750,9:12:50,1868,66001,66398,10328,9:12:50,40,65800,66399,9950,9:12:50,2500,65660,66499,10000
307,1397/7/25 9:13:10,298,66151,7080,66002,66300,3554,9:12:50,9270,66001,66301,750,9:13:12,2168,66001,66398,10328,9:12:50,40,65800,66399,9950,9:12:50,2500,65660,66499,10000
308,1397/7/25 9:13:13,298,66151,7080,66002,66300,1554,9:12:50,9270,66001,66301,750,9:13:12,2168,66001,66398,10328,9:12:50,40,65800,66399,9950,9:12:50,2500,65660,66499,10000
309,1397/7/25 9:13:13,298,66151,7080,66002,66300,1554,9:12:50,9270,66001,66301,750,9:13:15,1566,66001,66398,10328,9:13:15,602,65900,66399,9950,9:13:15,40,65800,66499,10000
310,1397/7/25 9:13:19,289,66146,7080,66002,66291,411,9:13:19,9270,66001,66300,1554,9:13:19,1566,66001,66301,750,9:13:19,602,65900,66398,10328,9:13:19,40,65800,66399,9950
311,1397/7/25 9:13:29,191,66195,500,66100,66291,411,9:13:29,7080,66002,66300,1554,9:13:29,9270,66002,66301,750,9:13:29,1566,66000,66398,10328,9:13:29,602,65900,66399,9950
312,1397/7/25 9:13:29,191,66195,500,66100,66291,411,9:13:29,7080,66002,66300,1554,9:13:29,9270,66002,66301,750,9:13:29,1566,66000,66398,10328,9:13:35,642,65800,66399,9950
313,1397/7/25 9:13:42,191,66195,500,66100,66291,111,9:13:29,7080,66002,66300,1554,9:13:29,9270,66002,66301,750,9:13:42,2566,66000,66398,10328,9:13:35,642,65800,66399,9950
314,1397/7/25 9:13:42,191,66195,500,66100,66291,111,9:13:29,7080,66002,66300,1554,9:13:29,9270,66002,66301,750,9:13:43,2266,66000,66398,10328,9:13:35,642,65800,66399,9950
315,1397/7/25 9:13:44,191,66195,5500,66100,66291,111,9:13:29,7080,66002,66300,1554,9:13:29,9270,66002,66301,750,9:13:43,2266,66000,66398,10328,9:13:35,642,65800,66399,9950
316,1397/7/25 9:13:45,190,66195,5500,66100,66290,31,9:13:45,7080,66002,66291,111,9:13:45,9270,66002,66300,1554,9:13:45,2266,66000,66301,750,9:13:45,642,65800,66398,10328
317,1397/7/25 9:14:11,190,66195,5500,66100,66290,331,9:14:11,8588,66002,66291,111,9:14:11,7762,66002,66300,1254,9:13:45,2266,66000,66301,750,9:13:45,642,65800,66398,10328
318,1397/7/25 9:14:11,190,66195,5500,66100,66290,331,9:14:30,1508,66002,66291,111,9:14:11,7762,66002,66300,1254,9:13:45,2266,66000,66301,750,9:13:45,642,65800,66398,10328
319,1397/7/25 9:14:31,190,66195,5465,66100,66290,231,9:14:30,1508,66002,66291,111,9:14:11,7762,66002,66300,1254,9:13:45,2266,66000,66301,750,9:13:45,642,65800,66398,10328
320,1397/7/25 9:14:32,190,66195,5565,66100,66290,231,9:14:30,1508,66002,66291,111,9:14:11,7762,66002,66300,1254,9:13:45,2266,66000,66301,750,9:13:45,642,65800,66398,10328
321,1397/7/25 9:14:34,9,66295,453,66291,66300,1254,9:14:34,5565,66100,66301,750,9:14:34,1508,66100,66398,10328,9:14:34,7762,66001,66399,9950,9:14:34,2266,66000,66400,1000
322,1397/7/25 9:14:37,9,66295,121,66291,66300,1254,9:14:34,5565,66100,66301,750,9:14:34,1508,66100,66398,10328,9:14:34,7762,66001,66399,9950,9:14:34,2266,66000,66400,1000
323,1397/7/25 9:14:38,191,66195,5565,66100,66291,3177,9:14:38,1508,66002,66300,1254,9:14:38,7762,66002,66301,750,9:14:38,2266,66000,66398,10328,9:14:38,642,65800,66399,9950
324,1397/7/25 9:14:38,191,66195,5565,66100,66291,3177,9:14:38,1508,66002,66300,1254,9:14:38,7762,66002,66301,750,9:14:40,3266,66000,66398,10328,9:14:38,642,65800,66399,9950
325,1397/7/25 9:14:54,190,66195,5565,66100,66290,1000,9:14:54,1508,66002,66291,3177,9:14:54,7762,66002,66300,1254,9:14:54,3266,66000,66301,750,9:14:54,642,65800,66398,10328
326,1397/7/25 9:14:56,190,66195,3565,66100,66290,1000,9:14:54,1508,66002,66291,3177,9:14:54,7762,66002,66300,1254,9:14:54,3266,66000,66301,750,9:14:54,642,65800,66398,10328
327,1397/7/25 9:15:07,190,66195,3565,66100,66290,885,9:14:54,1508,66002,66291,3177,9:14:54,7762,66002,66300,1254,9:14:54,3266,66000,66301,750,9:14:54,642,65800,66398,10328
328,1397/7/25 9:15:12,190,66195,5073,66100,66290,885,9:14:54,1508,66002,66291,3177,9:15:12,6254,66002,66300,1254,9:14:54,3266,66000,66301,750,9:14:54,642,65800,66398,10328
329,1397/7/25 9:15:12,190,66195,5073,66100,66290,885,9:14:54,1508,66002,66291,3177,9:15:12,6254,66002,66300,1254,9:14:54,3266,66000,66301,750,9:15:17,602,65800,66398,10328
330,1397/7/25 9:15:19,185,66192,5073,66100,66285,2000,9:15:19,1508,66002,66290,885,9:15:19,6254,66002,66291,3177,9:15:19,3266,66000,66300,1254,9:15:19,602,65800,66301,750
331,1397/7/25 9:15:29,185,66192,5224,66100,66285,2000,9:15:19,1508,66002,66290,885,9:15:19,6254,66002,66291,3177,9:15:19,3266,66000,66300,1254,9:15:19,602,65800,66301,750
332,1397/7/25 9:15:31,185,66192,6732,66100,66285,2000,9:15:31,6254,66001,66290,885,9:15:31,3266,66001,66291,3177,9:15:31,602,65800,66300,1254,9:15:31,50,65700,66301,750
333,1397/7/25 9:15:36,185,66192,6732,66100,66285,7000,9:15:31,6254,66001,66290,885,9:15:31,3266,66001,66291,3177,9:15:31,602,65800,66300,1254,9:15:31,50,65700,66301,750
334,1397/7/25 9:15:37,185,66192,5732,66100,66285,7000,9:15:31,6254,66001,66290,885,9:15:31,3266,66001,66291,3177,9:15:31,602,65800,66300,1254,9:15:31,50,65700,66301,750
335,1397/7/25 9:15:38,185,66192,5712,66100,66285,13000,9:15:31,6254,66001,66290,885,9:15:31,3266,66001,66291,3177,9:15:31,602,65800,66300,1254,9:15:31,50,65700,66301,750
336,1397/7/25 9:15:45,135,66217,3000,66150,66285,13000,9:15:45,5712,66100,66290,885,9:15:45,6254,66100,66291,3177,9:15:45,3266,66000,66300,1254,9:15:45,602,65800,66301,750
337,1397/7/25 9:15:55,135,66217,1000,66150,66285,11000,9:15:45,5712,66100,66290,885,9:15:45,6254,66100,66291,3177,9:15:45,3266,66000,66300,1254,9:15:45,602,65800,66301,750
338,1397/7/25 9:16:07,135,66217,400,66150,66285,11000,9:15:45,5712,66100,66290,885,9:15:45,6254,66100,66291,3177,9:16:07,3266,66000,66300,654,9:15:45,602,65800,66301,750
339,1397/7/25 9:16:07,135,66217,400,66150,66285,11000,9:16:17,5812,66100,66290,885,9:15:45,6254,66100,66291,3177,9:16:07,3266,66000,66300,654,9:15:45,602,65800,66301,750
340,1397/7/25 9:16:21,135,66217,400,66150,66285,10850,9:16:17,5812,66100,66290,885,9:15:45,6254,66100,66291,3177,9:16:07,3266,66000,66300,654,9:15:45,602,65800,66301,750
341,1397/7/25 9:16:23,50,66125,5812,66100,66150,260,9:16:23,6254,66001,66285,10850,9:16:23,3266,66001,66290,885,9:16:23,602,65800,66291,3177,9:16:23,50,65700,66300,654
342,1397/7/25 9:16:24,50,66125,5812,66100,66150,6260,9:16:24,6254,66001,66285,4850,9:16:23,3266,66001,66290,885,9:16:23,602,65800,66291,3177,9:16:23,50,65700,66300,654
343,1397/7/25 9:16:24,50,66125,5812,66100,66150,6260,9:16:24,6254,66001,66285,4850,9:16:34,2266,66001,66290,885,9:16:23,602,65800,66291,3177,9:16:23,50,65700,66300,654
344,1397/7/25 9:16:36,50,66125,5212,66100,66150,6260,9:16:24,6254,66001,66285,4850,9:16:34,2266,66001,66290,885,9:16:23,602,65800,66291,3177,9:16:23,50,65700,66300,654
345,1397/7/25 9:16:36,50,66125,5212,66100,66150,6260,9:16:24,6254,66001,66285,4850,9:16:34,2266,66001,66290,885,9:16:41,1602,65800,66291,3177,9:16:23,50,65700,66300,654
346,1397/7/25 9:16:50,50,66125,4218,66100,66150,6260,9:16:24,6254,66001,66285,4850,9:16:34,2266,66001,66290,885,9:16:41,1602,65800,66291,3177,9:16:23,50,65700,66300,654
347,1397/7/25 9:16:51,99,66050,6254,66001,66100,1782,9:16:51,2316,66000,66150,260,9:16:51,1602,66000,66285,4850,9:16:51,50,65700,66290,885,9:16:51,2500,65660,66291,3177
348,1397/7/25 9:16:51,99,66050,6254,66001,66100,1782,9:16:53,2216,66000,66150,260,9:16:51,1602,66000,66285,4850,9:16:51,50,65700,66290,885,9:16:51,2500,65660,66291,3177
349,1397/7/25 9:17:06,99,66050,5994,66001,66100,1782,9:17:06,2216,66000,66285,4850,9:17:06,1602,66000,66290,885,9:17:06,50,65700,66291,3177,9:17:06,2500,65660,66300,654
350,1397/7/25 9:17:09,99,66050,9994,66001,66100,1782,9:17:06,2216,66000,66285,4850,9:17:06,1602,66000,66290,885,9:17:06,50,65700,66291,3177,9:17:06,2500,65660,66300,654
351,1397/7/25 9:17:20,99,66050,8994,66001,66100,1782,9:17:06,2216,66000,66285,4850,9:17:06,1602,66000,66290,885,9:17:06,50,65700,66291,3177,9:17:06,2500,65660,66300,654
352,1397/7/25 9:17:26,98,66051,50000,66002,66100,1782,9:17:26,8994,66001,66285,4850,9:17:26,2216,66001,66290,885,9:17:26,1602,65800,66291,3177,9:17:26,50,65700,66300,654
353,1397/7/25 9:17:26,98,66051,50000,66002,66100,1782,9:17:26,8994,66001,66285,4850,9:17:26,2216,66001,66290,885,9:17:26,1602,65800,66291,3177,9:17:30,220,65700,66300,654
354,1397/7/25 9:17:31,97,66051,241,66003,66100,1782,9:17:31,50000,66002,66285,4850,9:17:31,8994,66002,66290,885,9:17:31,2216,66000,66291,3177,9:17:31,1602,65800,66300,654
355,1397/7/25 9:17:31,97,66051,241,66003,66100,1782,9:17:31,50000,66002,66285,4850,9:17:37,9445,66002,66290,885,9:17:31,2216,66000,66291,3177,9:17:31,1602,65800,66300,654
356,1397/7/25 9:17:31,97,66051,241,66003,66100,1782,9:17:31,50000,66002,66285,4850,9:17:39,10953,66002,66290,885,9:17:31,2216,66000,66291,3177,9:17:31,1602,65800,66300,654
357,1397/7/25 9:17:44,96,66052,4000,66004,66100,1782,9:17:44,241,66003,66285,4850,9:17:44,50000,66003,66290,885,9:17:44,6953,66001,66291,3177,9:17:44,2216,66000,66300,654
358,1397/7/25 9:17:51,96,66052,4000,66004,66100,1682,9:17:44,241,66003,66285,4850,9:17:44,50000,66003,66290,885,9:17:44,6953,66001,66291,3177,9:17:44,2216,66000,66300,654
359,1397/7/25 9:17:54,90,66055,300,66010,66100,1682,9:17:54,4000,66004,66285,4850,9:17:54,241,66004,66290,885,9:17:54,50000,66002,66291,3177,9:17:54,6953,66001,66300,654
360,1397/7/25 9:18:05,90,66055,300,66010,66100,1442,9:17:54,4000,66004,66285,4850,9:18:05,50000,66004,66290,885,9:18:05,6953,66001,66291,3177,9:18:05,2216,66000,66300,654
361,1397/7/25 9:18:06,185,66192,3558,66100,66285,4850,9:18:06,300,66010,66290,885,9:18:06,4000,66010,66291,3177,9:18:06,50000,66002,66300,654,9:18:06,6953,66001,66301,750
362,1397/7/25 9:18:17,185,66192,3558,66100,66285,4820,9:18:06,300,66010,66290,885,9:18:06,4000,66010,66291,3177,9:18:06,50000,66002,66300,654,9:18:06,6953,66001,66301,750
363,1397/7/25 9:18:21,185,66192,7558,66100,66285,4820,9:18:06,300,66010,66290,885,9:18:21,50000,66010,66291,3177,9:18:21,6953,66001,66300,654,9:18:21,2216,66000,66301,750
364,1397/7/25 9:18:41,5,66282,239,66280,66285,4220,9:18:41,7558,66100,66290,885,9:18:41,300,66100,66291,3177,9:18:41,50000,66002,66300,654,9:18:41,6953,66001,66301,750
365,1397/7/25 9:18:41,5,66282,239,66280,66285,4220,9:18:41,7558,66100,66290,885,9:18:41,300,66100,66291,3177,9:18:53,1000,66003,66300,654,9:18:53,50000,66002,66301,750
366,1397/7/25 9:18:57,5,66282,239,66280,66285,220,9:18:57,3558,66100,66290,885,9:18:41,300,66100,66291,3177,9:18:53,1000,66003,66300,654,9:18:53,50000,66002,66301,750
367,1397/7/25 9:18:58,5,66282,239,66280,66285,120,9:18:57,3558,66100,66290,885,9:18:41,300,66100,66291,3177,9:18:53,1000,66003,66300,654,9:18:53,50000,66002,66301,750
368,1397/7/25 9:18:58,5,66282,239,66280,66285,120,9:18:57,3558,66100,66290,885,9:18:41,300,66100,66291,3177,9:19:01,5994,66003,66300,654,9:18:53,50000,66002,66301,750
369,1397/7/25 9:18:58,5,66282,239,66280,66285,120,9:19:10,602,66101,66290,885,9:19:10,3558,66101,66291,3177,9:19:10,300,66010,66300,654,9:19:10,5994,66003,66301,750
370,1397/7/25 9:18:58,5,66282,239,66280,66285,120,9:19:11,1053,66101,66290,885,9:19:10,3558,66101,66291,3177,9:19:10,300,66010,66300,654,9:19:10,5994,66003,66301,750
371,1397/7/25 9:19:23,179,66190,1053,66101,66280,761,9:19:23,3558,66100,66285,120,9:19:23,300,66100,66290,885,9:19:23,5994,66003,66291,3177,9:19:23,50000,66002,66300,654
372,1397/7/25 9:19:29,178,66191,1000,66102,66280,761,9:19:29,1053,66101,66285,120,9:19:29,3558,66101,66290,885,9:19:29,300,66010,66291,3177,9:19:29,5994,66003,66300,654
373,1397/7/25 9:19:32,189,66196,1000,66102,66291,1385,9:19:32,1053,66101,66300,654,9:19:32,300,66101,66301,750,9:19:32,5994,66003,66398,10328,9:19:32,50000,66002,66399,9950
374,1397/7/25 9:19:32,189,66196,1000,66102,66291,1385,9:19:32,1053,66101,66300,654,9:19:38,30000,66101,66301,750,9:19:38,300,66010,66398,10328,9:19:38,5994,66003,66399,9950
375,1397/7/25 9:19:47,188,66197,602,66103,66291,1385,9:19:47,1000,66102,66300,654,9:19:47,451,66102,66301,750,9:19:47,30000,66100,66398,10328,9:19:47,300,66010,66399,9950
376,1397/7/25 9:19:52,1,66290,600,66290,66291,1385,9:19:52,602,66103,66300,654,9:19:52,1000,66103,66301,750,9:19:52,451,66101,66398,10328,9:19:52,30000,66100,66399,9950
377,1397/7/25 9:20:01,1,66290,600,66290,66291,385,9:19:52,602,66103,66300,654,9:19:52,1000,66103,66301,750,9:19:52,451,66101,66398,10328,9:19:52,30000,66100,66399,9950
378,1397/7/25 9:20:02,187,66196,602,66103,66290,698,9:20:02,1000,66102,66291,385,9:20:02,451,66102,66300,654,9:20:02,30000,66100,66301,750,9:20:02,300,66010,66398,10328
379,1397/7/25 9:20:14,9,66295,5917,66291,66300,654,9:20:14,602,66103,66301,750,9:20:14,1000,66103,66398,10328,9:20:14,451,66101,66399,9950,9:20:14,30000,66100,66499,10000
380,1397/7/25 9:20:18,9,66295,5917,66291,66300,1654,9:20:14,602,66103,66301,750,9:20:14,1000,66103,66398,10328,9:20:14,451,66101,66399,9950,9:20:14,30000,66100,66499,10000
381,1397/7/25 9:20:36,9,66295,4847,66291,66300,1654,9:20:14,602,66103,66301,750,9:20:14,1000,66103,66398,10328,9:20:14,451,66101,66399,9950,9:20:14,30000,66100,66499,10000
382,1397/7/25 9:20:40,9,66295,4847,66291,66300,1471,9:20:14,602,66103,66301,750,9:20:14,1000,66103,66398,10328,9:20:14,451,66101,66399,9950,9:20:14,30000,66100,66499,10000
383,1397/7/25 9:20:41,9,66295,4847,66291,66300,471,9:20:14,602,66103,66301,750,9:20:14,1000,66103,66398,10328,9:20:14,451,66101,66399,9950,9:20:14,30000,66100,66499,10000
384,1397/7/25 9:20:53,9,66295,4847,66291,66300,171,9:20:14,602,66103,66301,750,9:20:14,1000,66103,66398,10328,9:20:14,451,66101,66399,9950,9:20:14,30000,66100,66499,10000
385,1397/7/25 9:21:08,9,66295,4125,66291,66300,171,9:20:14,602,66103,66301,750,9:20:14,1000,66103,66398,10328,9:20:14,451,66101,66399,9950,9:20:14,30000,66100,66499,10000
386,1397/7/25 9:21:08,9,66295,4125,66291,66300,171,9:20:14,602,66103,66301,750,9:20:14,1000,66103,66398,10328,9:21:14,1226,66101,66399,9950,9:20:14,30000,66100,66499,10000
387,1397/7/25 9:21:20,9,66295,4125,66291,66300,10000,9:20:14,602,66103,66301,750,9:20:14,1000,66103,66398,10328,9:21:14,1226,66101,66399,9950,9:20:14,30000,66100,66499,10000
388,1397/7/25 9:21:26,9,66295,4125,66291,66300,9770,9:20:14,602,66103,66301,750,9:20:14,1000,66103,66398,10328,9:21:14,1226,66101,66399,9950,9:20:14,30000,66100,66499,10000
389,1397/7/25 9:21:26,9,66295,4125,66291,66300,9770,9:20:14,602,66103,66301,750,9:20:14,1000,66103,66398,10328,9:21:14,1226,66101,66399,9950,9:21:30,31000,66100,66499,10000
390,1397/7/25 9:21:43,9,66295,4125,66291,66300,770,9:20:14,602,66103,66301,750,9:20:14,1000,66103,66398,10328,9:21:14,1226,66101,66399,9950,9:21:30,31000,66100,66499,10000
391,1397/7/25 9:21:52,9,66295,4125,66291,66300,720,9:20:14,602,66103,66301,750,9:20:14,1000,66103,66398,10328,9:21:14,1226,66101,66399,9950,9:21:30,31000,66100,66499,10000
392,1397/7/25 9:22:02,10,66296,4125,66291,66301,750,9:22:02,602,66103,66398,10328,9:22:02,1000,66103,66399,9950,9:22:02,1226,66101,66499,10000,9:22:02,31000,66100,66500,11286
393,1397/7/25 9:22:07,1,66300,700,66300,66301,750,9:22:07,4125,66291,66398,10328,9:22:07,602,66291,66399,9950,9:22:07,1000,66102,66499,10000,9:22:07,1226,66101,66500,11286
394,1397/7/25 9:22:13,1,66300,3700,66300,66301,750,9:22:07,4125,66291,66398,10328,9:22:07,602,66291,66399,9950,9:22:07,1000,66102,66499,10000,9:22:07,1226,66101,66500,11286
395,1397/7/25 9:22:13,1,66300,3700,66300,66301,750,9:22:07,4125,66291,66398,10328,9:22:14,602,66291,66399,9950,9:22:07,1000,66102,66499,10000,9:22:07,1226,66101,66500,11286
396,1397/7/25 9:22:19,97,66349,950,66301,66398,10328,9:22:19,3000,66300,66399,9950,9:22:19,4125,66300,66499,10000,9:22:19,602,66107,66500,11286,9:22:19,1000,66102,66900,15
397,1397/7/25 9:22:35,9,66295,4125,66291,66300,6050,9:22:35,602,66107,66398,10328,9:22:35,1000,66107,66399,9950,9:22:35,1226,66101,66500,11286,9:22:35,31000,66100,66900,15
398,1397/7/25 9:22:39,9,66295,4125,66291,66300,3870,9:22:35,602,66107,66398,10328,9:22:35,1000,66107,66399,9950,9:22:35,1226,66101,66500,11286,9:22:35,31000,66100,66900,15
399,1397/7/25 9:22:47,9,66295,4375,66291,66300,3870,9:22:35,602,66107,66398,10328,9:22:35,1000,66107,66399,9950,9:22:35,1226,66101,66500,11286,9:22:35,31000,66100,66900,15
400,1397/7/25 9:22:58,9,66295,250,66291,66300,9745,9:22:35,602,66107,66398,10328,9:22:35,1000,66107,66399,9950,9:22:35,1226,66101,66500,11286,9:22:35,31000,66100,66900,15
401,1397/7/25 9:23:06,193,66203,852,66107,66300,9745,9:23:06,1000,66102,66398,10328,9:23:06,1226,66102,66399,9950,9:23:06,31000,66100,66500,11286,9:23:06,300,66010,66900,15
402,1397/7/25 9:23:06,193,66203,852,66107,66300,9745,9:23:06,1000,66102,66398,10328,9:23:06,1226,66102,66399,9950,9:23:39,31000,66100,66500,10886,9:23:39,300,66010,66900,415
403,1397/7/25 9:23:45,193,66203,852,66107,66300,10491,9:23:06,1000,66102,66398,10328,9:23:06,1226,66102,66399,9950,9:23:39,31000,66100,66500,10886,9:23:39,300,66010,66900,415
404,1397/7/25 9:23:46,193,66203,852,66107,66300,5491,9:23:06,1000,66102,66398,10328,9:23:06,1226,66102,66399,9950,9:23:39,31000,66100,66500,10886,9:23:39,300,66010,66900,415
405,1397/7/25 9:23:58,183,66198,852,66107,66290,264,9:23:58,1000,66102,66300,5491,9:23:58,1226,66102,66398,10328,9:23:58,31000,66100,66399,9950,9:23:58,300,66010,66500,10886
406,1397/7/25 9:24:07,179,66200,1000,66111,66290,264,9:24:07,852,66107,66300,5491,9:24:07,1000,66107,66398,10328,9:24:07,1226,66101,66399,9950,9:24:07,31000,66100,66500,10886
407,1397/7/25 9:24:28,10,66295,236,66290,66300,5491,9:24:28,1000,66111,66398,10328,9:24:28,852,66111,66399,9950,9:24:28,1000,66102,66500,10886,9:24:28,1226,66101,66900,415
408,1397/7/25 9:24:28,10,66295,236,66290,66300,5491,9:24:28,1000,66111,66398,10328,9:24:28,852,66111,66399,9950,9:24:30,1000,66102,66500,12508,9:24:28,1226,66101,66900,415
409,1397/7/25 9:24:37,189,66205,1000,66111,66300,5255,9:24:37,852,66107,66398,10328,9:24:37,1000,66107,66399,9950,9:24:37,1226,66101,66500,12508,9:24:37,31000,66100,66900,415
410,1397/7/25 9:24:40,189,66205,1020,66111,66300,5255,9:24:37,852,66107,66398,10328,9:24:37,1000,66107,66399,9950,9:24:37,1226,66101,66500,12508,9:24:37,31000,66100,66900,415
411,1397/7/25 9:24:51,179,66200,1020,66111,66290,746,9:24:51,852,66107,66300,4509,9:24:51,1000,66107,66398,10328,9:24:51,1226,66101,66399,9950,9:24:51,31000,66100,66500,12508
412,1397/7/25 9:24:55,179,66200,1020,66111,66290,804,9:24:51,852,66107,66300,4509,9:24:51,1000,66107,66398,10328,9:24:51,1226,66101,66399,9950,9:24:51,31000,66100,66500,12508
413,1397/7/25 9:24:55,179,66200,1020,66111,66290,804,9:24:51,852,66107,66300,4509,9:24:51,1000,66107,66398,10328,9:24:51,1226,66101,66399,9950,9:24:59,31170,66100,66500,12508
414,1397/7/25 9:24:55,179,66200,1020,66111,66290,804,9:25:00,2500,66108,66300,4509,9:25:00,852,66108,66398,10328,9:25:00,1000,66102,66399,9950,9:25:00,1226,66101,66500,12508
415,1397/7/25 9:25:02,179,66200,6020,66111,66290,804,9:25:00,2500,66108,66300,4509,9:25:00,852,66108,66398,10328,9:25:00,1000,66102,66399,9950,9:25:00,1226,66101,66500,12508
416,1397/7/25 9:25:03,179,66200,5820,66111,66290,804,9:25:00,2500,66108,66300,4509,9:25:00,852,66108,66398,10328,9:25:00,1000,66102,66399,9950,9:25:00,1226,66101,66500,12508
417,1397/7/25 9:25:05,179,66200,5820,66111,66290,533,9:25:00,2500,66108,66300,4509,9:25:00,852,66108,66398,10328,9:25:00,1000,66102,66399,9950,9:25:00,1226,66101,66500,12508
418,1397/7/25 9:25:11,10,66295,69,66290,66300,4509,9:25:11,5820,66111,66398,10328,9:25:11,2500,66111,66399,9950,9:25:11,250,66107,66500,12508,9:25:11,1000,66102,66900,415
419,1397/7/25 9:25:22,10,66295,69,66290,66300,4009,9:25:11,5820,66111,66398,10328,9:25:11,2500,66111,66399,9950,9:25:11,250,66107,66500,12508,9:25:11,1000,66102,66900,415
420,1397/7/25 9:25:27,10,66295,119,66290,66300,4009,9:25:11,5820,66111,66398,10328,9:25:11,2500,66111,66399,9950,9:25:11,250,66107,66500,12508,9:25:11,1000,66102,66900,415
421,1397/7/25 9:25:27,10,66295,119,66290,66300,4009,9:25:30,6320,66111,66398,10328,9:25:11,2500,66111,66399,9950,9:25:11,250,66107,66500,12508,9:25:11,1000,66102,66900,415
422,1397/7/25 9:25:32,10,66295,119,66290,66300,3959,9:25:30,6320,66111,66398,10328,9:25:32,58,66111,66399,9950,9:25:32,2500,66108,66500,12508,9:25:32,250,66107,66900,415
423,1397/7/25 9:25:35,179,66200,6320,66111,66290,9881,9:25:35,58,66109,66300,3959,9:25:35,2500,66109,66398,328,9:25:35,250,66107,66399,9950,9:25:35,1000,66102,66500,12508
424,1397/7/25 9:25:35,179,66200,6320,66111,66290,9881,9:25:38,58,66109,66300,3999,9:25:35,2500,66109,66398,328,9:25:35,250,66107,66399,9950,9:25:35,1000,66102,66500,12508
425,1397/7/25 9:25:44,178,66201,500,66112,66290,9881,9:25:44,6320,66111,66300,3999,9:25:44,58,66111,66398,328,9:25:44,2500,66108,66399,9950,9:25:44,250,66107,66500,12508
426,1397/7/25 9:25:44,178,66201,500,66112,66290,9881,9:25:49,6320,66111,66300,4399,9:25:44,58,66111,66398,328,9:25:44,2500,66108,66399,9950,9:25:44,250,66107,66500,12508
427,1397/7/25 9:25:51,287,66255,500,66112,66399,4508,9:25:51,6320,66111,66500,12508,9:25:51,58,66111,66900,15,9:25:51,2500,66108,66950,2000,9:25:51,250,66107,67000,1929
428,1397/7/25 9:25:53,99,66349,30000,66300,66399,4508,9:25:53,500,66112,66500,13508,9:25:53,6320,66112,66900,15,9:25:53,58,66109,66950,2000,9:25:53,2500,66108,67000,1929
429,1397/7/25 9:25:53,99,66349,30000,66300,66399,4508,9:25:54,458,66113,66500,13508,9:25:54,500,66113,66900,15,9:25:54,6320,66111,66950,2000,9:25:54,58,66109,67000,1929
430,1397/7/25 9:25:53,99,66349,30000,66300,66399,4508,9:25:59,30000,66200,66500,13508,9:25:59,458,66200,66900,15,9:25:59,500,66112,66950,2000,9:25:59,6320,66111,67000,1929
431,1397/7/25 9:25:53,99,66349,30000,66300,66399,4508,9:26:02,60000,66200,66500,13508,9:25:59,458,66200,66900,15,9:25:59,500,66112,66950,2000,9:25:59,6320,66111,67000,1929
432,1397/7/25 9:25:53,99,66349,30000,66300,66399,4508,9:26:02,60000,66200,66500,13508,9:26:04,5452,66200,66900,15,9:25:59,500,66112,66950,2000,9:25:59,6320,66111,67000,1929
433,1397/7/25 9:25:53,99,66349,30000,66300,66399,4508,9:26:02,60000,66200,66500,13508,9:26:07,2500,66200,66900,15,9:26:07,5452,66113,66950,2000,9:26:07,500,66112,67000,1929
434,1397/7/25 9:25:53,99,66349,30000,66300,66399,4508,9:26:09,60020,66200,66500,13508,9:26:09,2650,66200,66900,15,9:26:07,5452,66113,66950,2000,9:26:07,500,66112,67000,1929
435,1397/7/25 9:26:10,99,66349,30050,66300,66399,4508,9:26:09,60020,66200,66500,13508,9:26:09,2650,66200,66900,15,9:26:07,5452,66113,66950,2000,9:26:07,500,66112,67000,1929
436,1397/7/25 9:26:11,99,66349,30850,66300,66399,4508,9:26:09,60020,66200,66500,13508,9:26:09,2650,66200,66900,15,9:26:07,5452,66113,66950,2000,9:26:07,500,66112,67000,1929
437,1397/7/25 9:26:11,99,66349,30850,66300,66399,4508,9:26:12,60020,66200,66400,700,9:26:12,2650,66200,66500,13508,9:26:12,5452,66113,66900,15,9:26:12,500,66112,66950,2000
438,1397/7/25 9:26:14,100,67050,7836,67000,67100,100,9:26:14,30850,66300,67200,1000,9:26:14,60020,66300,67400,100,9:26:14,2650,66114,67450,2000,9:26:14,5452,66113,67490,611
439,1397/7/25 9:26:14,100,67050,7836,67000,67100,100,9:26:24,8000,66301,67200,1000,9:26:24,30850,66301,67400,100,9:26:24,60020,66200,67450,2000,9:26:24,2650,66114,67490,611
440,1397/7/25 9:26:26,100,67050,9321,67000,67100,100,9:26:24,8000,66301,67200,1000,9:26:24,30850,66301,67400,100,9:26:24,60020,66200,67450,2000,9:26:24,2650,66114,67490,611
441,1397/7/25 9:26:26,100,67050,9321,67000,67100,100,9:26:29,500,66308,67200,1000,9:26:29,8000,66308,67400,100,9:26:29,30850,66300,67450,2000,9:26:29,60020,66200,67490,611
442,1397/7/25 9:26:30,195,66405,500,66308,66503,38,9:26:30,8000,66301,67000,175,9:26:30,30850,66301,67100,100,9:26:30,60020,66200,67200,1000,9:26:30,2650,66114,67400,100
443,1397/7/25 9:26:30,195,66405,500,66308,66503,38,9:26:30,8000,66301,67000,175,9:26:31,30950,66301,67100,100,9:26:30,60020,66200,67200,1000,9:26:30,2650,66114,67400,100
444,1397/7/25 9:26:35,692,66654,500,66308,67000,14831,9:26:35,8000,66301,67100,100,9:26:35,30950,66301,67200,1000,9:26:35,60020,66200,67400,100,9:26:35,2650,66114,67450,2000
445,1397/7/25 9:26:35,692,66654,500,66308,67000,14831,9:26:35,8000,66301,67100,100,9:26:35,30950,66301,67200,1000,9:26:36,60000,66200,67400,100,9:26:35,2650,66114,67450,2000
446,1397/7/25 9:26:35,692,66654,500,66308,67000,14831,9:26:52,9000,66301,67100,100,9:26:52,31950,66301,67200,1000,9:26:36,60000,66200,67400,100,9:26:35,2650,66114,67450,2000
447,1397/7/25 9:26:54,691,66654,200,66309,67000,14831,9:26:54,500,66308,67100,100,9:26:54,9000,66308,67200,1000,9:26:54,31950,66300,67400,100,9:26:54,60000,66200,67450,2000
448,1397/7/25 9:26:54,691,66654,200,66309,67000,14831,9:26:55,800,66308,67100,100,9:26:54,9000,66308,67200,1000,9:26:54,31950,66300,67400,100,9:26:54,60000,66200,67450,2000
449,1397/7/25 9:26:59,690,66655,2000,66310,67000,14831,9:26:59,200,66309,67100,100,9:26:59,800,66309,67200,1000,9:26:59,9000,66301,67400,100,9:26:59,31950,66300,67450,2000
450,1397/7/25 9:27:06,690,66655,5500,66310,67000,14831,9:26:59,200,66309,67100,100,9:26:59,800,66309,67200,1000,9:26:59,9000,66301,67400,100,9:26:59,31950,66300,67450,2000
451,1397/7/25 9:27:10,689,66655,150,66311,67000,12116,9:27:10,5500,66310,67100,100,9:27:10,200,66310,67200,1000,9:27:10,800,66308,67400,100,9:27:10,9000,66301,67450,2000
452,1397/7/25 9:27:12,688,66656,9000,66312,67000,12116,9:27:12,150,66311,67100,100,9:27:12,5500,66311,67200,1000,9:27:12,200,66309,67400,100,9:27:12,800,66308,67450,2000
453,1397/7/25 9:27:12,688,66656,9000,66312,67000,12116,9:27:12,150,66311,67100,100,9:27:14,10500,66311,67200,1000,9:27:12,200,66309,67400,100,9:27:12,800,66308,67450,2000
454,1397/7/25 9:27:15,688,66656,9000,66312,67000,11375,9:27:12,150,66311,67100,100,9:27:14,10500,66311,67200,1000,9:27:12,200,66309,67400,100,9:27:12,800,66308,67450,2000
455,1397/7/25 9:27:20,687,66656,458,66313,67000,11375,9:27:20,9000,66312,67100,100,9:27:20,150,66312,67200,1000,9:27:20,10500,66310,67400,100,9:27:20,200,66309,67450,2000
456,1397/7/25 9:27:29,686,66657,150,66314,67000,11375,9:27:29,458,66313,67100,100,9:27:29,9000,66313,67200,1000,9:27:20,10500,66310,67400,100,9:27:20,200,66309,67450,2000
457,1397/7/25 9:27:30,686,66657,2650,66314,67000,11375,9:27:29,458,66313,67100,100,9:27:29,9000,66313,67200,1000,9:27:20,10500,66310,67400,100,9:27:20,200,66309,67450,2000
458,1397/7/25 9:27:34,685,66657,458,66315,67000,11375,9:27:34,2650,66314,67100,100,9:27:29,9000,66314,67200,1000,9:27:20,10500,66310,67400,100,9:27:20,200,66309,67450,2000
459,1397/7/25 9:27:37,685,66657,658,66315,67000,11375,9:27:34,2650,66314,67100,100,9:27:29,9000,66314,67200,1000,9:27:20,10500,66310,67400,100,9:27:37,800,66308,67450,2000
460,1397/7/25 9:27:39,685,66657,658,66315,67000,12076,9:27:34,2650,66314,67100,100,9:27:29,9000,66314,67200,1000,9:27:20,10500,66310,67400,100,9:27:37,800,66308,67450,2000
461,1397/7/25 9:27:41,684,66658,2500,66316,67000,12076,9:27:41,658,66315,67100,100,9:27:41,150,66315,67200,1000,9:27:41,9000,66312,67400,100,9:27:41,10500,66310,67450,2000
462,1397/7/25 9:27:46,682,66659,150,66318,67000,12076,9:27:46,458,66317,67100,100,9:27:46,2500,66317,67200,1000,9:27:46,200,66315,67400,100,9:27:46,9000,66312,67450,2000
463,1397/7/25 9:27:46,682,66659,150,66318,67000,12076,9:27:46,458,66317,67100,100,9:27:46,2500,66317,67200,1000,9:27:52,230,66315,67400,100,9:27:46,9000,66312,67450,2000
464,1397/7/25 9:27:57,680,66660,2500,66320,67000,12076,9:27:57,150,66318,67100,100,9:27:57,458,66318,67200,1000,9:27:52,230,66315,67400,100,9:27:46,9000,66312,67450,2000
465,1397/7/25 9:28:03,680,66660,7500,66320,67000,12076,9:27:57,150,66318,67100,100,9:27:57,458,66318,67200,1000,9:27:52,230,66315,67400,100,9:27:46,9000,66312,67450,2000
466,1397/7/25 9:28:04,678,66661,150,66322,67000,12150,9:28:04,7500,66320,67100,100,9:27:57,458,66320,67200,1000,9:27:52,230,66315,67400,100,9:27:46,9000,66312,67450,2000
467,1397/7/25 9:28:04,678,66661,150,66322,67000,12150,9:28:04,7500,66320,67100,100,9:28:07,1000,66320,67200,1000,9:28:07,458,66317,67400,100,9:28:07,230,66315,67450,2000
468,1397/7/25 9:28:04,678,66661,150,66322,67000,12150,9:28:10,7800,66320,67100,100,9:28:07,1000,66320,67200,1000,9:28:07,458,66317,67400,100,9:28:07,230,66315,67450,2000
469,1397/7/25 9:28:18,677,66661,3000,66323,67000,12150,9:28:18,150,66322,67100,100,9:28:18,7800,66322,67200,1000,9:28:18,1000,66319,67400,100,9:28:18,458,66317,67450,2000
470,1397/7/25 9:28:20,677,66661,3000,66323,67000,11650,9:28:18,150,66322,67100,100,9:28:18,7800,66322,67200,1000,9:28:18,1000,66319,67400,100,9:28:18,458,66317,67450,2000
471,1397/7/25 9:28:22,676,66662,458,66324,67000,11650,9:28:22,3000,66323,67100,100,9:28:22,150,66323,67200,1000,9:28:22,7800,66320,67400,100,9:28:22,1000,66319,67450,2000
472,1397/7/25 9:28:22,676,66662,458,66324,67000,11650,9:28:22,3000,66323,67100,100,9:28:24,250,66323,67200,1000,9:28:22,7800,66320,67400,100,9:28:22,1000,66319,67450,2000
473,1397/7/25 9:28:28,675,66662,500,66325,67000,11650,9:28:28,458,66324,67100,100,9:28:28,3000,66324,67200,1000,9:28:28,250,66322,67400,100,9:28:28,7800,66320,67450,2000
474,1397/7/25 9:28:28,675,66662,500,66325,67000,11650,9:28:28,458,66324,67100,100,9:28:32,3000,66324,67400,100,9:28:32,250,66322,67450,2000,9:28:32,7800,66320,67490,611
475,1397/7/25 9:28:35,670,66665,150,66330,67000,11650,9:28:35,500,66325,67100,100,9:28:35,458,66325,67400,100,9:28:35,3000,66323,67450,2000,9:28:35,100,66322,67490,611
476,1397/7/25 9:28:38,500,66750,100,66500,67000,11650,9:28:38,150,66330,67100,100,9:28:38,500,66330,67400,100,9:28:38,458,66324,67450,2000,9:28:38,3000,66323,67490,611
477,1397/7/25 9:28:38,500,66750,100,66500,67000,11650,9:28:43,194,66401,67100,100,9:28:43,2500,66401,67400,100,9:28:43,150,66330,67450,2000,9:28:43,500,66325,67490,611
478,1397/7/25 9:28:46,500,66750,1100,66500,67000,11650,9:28:43,194,66401,67100,100,9:28:43,2500,66401,67400,100,9:28:43,150,66330,67450,2000,9:28:43,500,66325,67490,611
479,1397/7/25 9:28:47,499,66749,1100,66500,66999,701,9:28:47,194,66401,67000,10949,9:28:47,2500,66401,67100,100,9:28:47,150,66330,67400,100,9:28:47,500,66325,67450,2000
480,1397/7/25 9:28:55,399,66799,2500,66600,66999,701,9:28:55,1200,66500,67000,10949,9:28:55,194,66500,67100,100,9:28:55,775,66336,67400,100,9:28:55,150,66330,67450,2000
481,1397/7/25 9:28:55,399,66799,2500,66600,66999,701,9:28:59,60,66501,67000,10949,9:28:59,1200,66501,67100,100,9:28:59,194,66401,67400,100,9:28:59,775,66336,67450,2000
482,1397/7/25 9:29:10,398,66799,2500,66600,66998,1500,9:29:10,60,66501,66999,701,9:29:10,1200,66501,67000,10949,9:29:10,194,66401,67100,100,9:29:10,775,66336,67400,100
483,1397/7/25 9:29:10,398,66799,2500,66600,66998,1500,9:29:10,60,66501,66999,701,9:29:17,1100,66501,67000,10949,9:29:10,194,66401,67100,100,9:29:10,775,66336,67400,100
484,1397/7/25 9:29:22,497,66749,60,66501,66998,1500,9:29:22,1100,66500,66999,701,9:29:22,194,66500,67000,10949,9:29:22,775,66336,67100,100,9:29:22,150,66330,67400,100
485,1397/7/25 9:29:29,497,66749,60,66501,66998,1322,9:29:22,1100,66500,66999,701,9:29:29,775,66500,67000,10949,9:29:29,150,66330,67100,100,9:29:29,500,66325,67400,100
486,1397/7/25 9:29:31,398,66799,1000,66600,66998,1322,9:29:31,60,66501,66999,701,9:29:31,1100,66501,67000,10949,9:29:31,775,66336,67100,100,9:29:31,150,66330,67400,100
487,1397/7/25 9:29:31,398,66799,1000,66600,66998,1322,9:29:36,150,66505,66999,701,9:29:36,60,66505,67000,10949,9:29:36,100,66500,67100,100,9:29:36,775,66336,67400,100
488,1397/7/25 9:29:31,398,66799,1000,66600,66998,1322,9:29:36,150,66505,66999,701,9:29:39,170,66505,67000,10949,9:29:36,100,66500,67100,100,9:29:36,775,66336,67400,100
489,1397/7/25 9:29:43,399,66799,1000,66600,66999,523,9:29:43,150,66505,67000,10949,9:29:43,170,66505,67100,100,9:29:43,100,66500,67400,100,9:29:43,775,66336,67450,2000
490,1397/7/25 9:29:44,399,66799,926,66600,66999,523,9:29:44,150,66505,67000,10875,9:29:43,170,66505,67100,100,9:29:43,100,66500,67400,100,9:29:43,775,66336,67450,2000
491,1397/7/25 9:29:45,50,66625,926,66600,66650,850,9:29:45,150,66505,66999,523,9:29:45,170,66505,67000,10875,9:29:45,100,66500,67100,100,9:29:45,775,66336,67400,100
492,1397/7/25 9:29:47,49,66625,70,66601,66650,850,9:29:47,926,66600,66999,523,9:29:47,150,66600,67000,10875,9:29:47,110,66501,67100,100,9:29:47,100,66500,67400,100
493,1397/7/25 9:29:47,49,66625,70,66601,66650,850,9:29:47,926,66600,66999,523,9:29:50,100,66600,67000,10875,9:29:50,150,66505,67100,100,9:29:50,110,66501,67400,100
494,1397/7/25 9:29:47,49,66625,70,66601,66650,850,9:30:01,5926,66600,66999,523,9:29:50,100,66600,67000,10875,9:29:50,150,66505,67100,100,9:29:50,110,66501,67400,100
495,1397/7/25 9:30:16,49,66625,170,66601,66650,850,9:30:16,7434,66600,66999,523,9:29:50,100,66600,67000,10875,9:29:50,150,66505,67100,100,9:30:16,100,66500,67400,100
496,1397/7/25 9:30:25,49,66625,228,66601,66650,850,9:30:16,7434,66600,66999,523,9:29:50,100,66600,67000,10875,9:29:50,150,66505,67100,100,9:30:16,100,66500,67400,100
497,1397/7/25 9:30:26,49,66625,286,66601,66650,850,9:30:16,7434,66600,66999,523,9:29:50,100,66600,67000,10875,9:29:50,150,66505,67100,100,9:30:16,100,66500,67400,100
498,1397/7/25 9:30:27,48,66626,200,66602,66650,850,9:30:27,286,66601,66999,523,9:30:27,7434,66601,67000,11575,9:30:27,100,66506,67100,100,9:30:16,100,66500,67400,100
499,1397/7/25 9:30:33,48,66626,150,66602,66650,350,9:30:27,286,66601,66999,523,9:30:27,7434,66601,67000,11575,9:30:27,100,66506,67100,100,9:30:16,100,66500,67400,100
500,1397/7/25 9:30:34,48,66626,150,66602,66650,50,9:30:27,286,66601,66999,523,9:30:27,7434,66601,67000,11575,9:30:27,100,66506,67100,100,9:30:16,100,66500,67400,100
501,1397/7/25 9:30:38,48,66626,350,66602,66650,50,9:30:27,286,66601,66999,523,9:30:27,7434,66601,67000,11575,9:30:27,100,66506,67100,100,9:30:16,100,66500,67400,100
502,1397/7/25 9:30:41,48,66626,3350,66602,66650,50,9:30:27,286,66601,66999,523,9:30:27,7434,66601,67000,11575,9:30:27,100,66506,67100,100,9:30:16,100,66500,67400,100
503,1397/7/25 9:30:46,349,66824,20,66650,66999,523,9:30:46,3350,66602,67000,11575,9:30:46,216,66602,67100,100,9:30:46,7434,66600,67400,100,9:30:46,100,66506,67450,2000
504,1397/7/25 9:30:46,349,66824,20,66650,66999,523,9:30:46,3350,66602,67000,11575,9:30:49,158,66602,67100,100,9:30:46,7434,66600,67400,100,9:30:46,100,66506,67450,2000
505,1397/7/25 9:30:58,349,66824,170,66650,66999,523,9:30:58,3200,66602,67000,11575,9:30:49,158,66602,67100,100,9:30:46,7434,66600,67400,100,9:30:46,100,66506,67450,2000
506,1397/7/25 9:31:01,349,66824,370,66650,66999,523,9:31:01,100,66605,67000,11575,9:31:01,3000,66605,67100,100,9:31:01,58,66601,67400,100,9:31:01,7434,66600,67450,2000
507,1397/7/25 9:31:36,349,66824,5370,66650,66999,523,9:31:01,100,66605,67000,11575,9:31:01,3000,66605,67100,100,9:31:01,58,66601,67400,100,9:31:36,2434,66600,67450,2000
508,1397/7/25 9:31:40,339,66829,591,66660,66999,523,9:31:40,5370,66650,67000,11575,9:31:40,100,66650,67100,100,9:31:40,3000,66602,67400,100,9:31:40,58,66601,67450,2000
509,1397/7/25 9:31:41,339,66829,691,66660,66999,523,9:31:40,5370,66650,67000,11575,9:31:40,100,66650,67100,100,9:31:40,3000,66602,67400,100,9:31:40,58,66601,67450,2000
510,1397/7/25 9:31:55,339,66829,707,66660,66999,523,9:31:40,5370,66650,67000,11575,9:31:40,100,66650,67100,100,9:31:40,3000,66602,67400,100,9:31:40,58,66601,67450,2000
511,1397/7/25 9:31:57,339,66829,230,66660,66999,523,9:31:40,5370,66650,67000,11575,9:31:40,100,66650,67100,100,9:31:40,3000,66602,67400,100,9:31:40,58,66601,67450,2000
512,1397/7/25 9:31:57,339,66829,230,66660,66999,523,9:32:00,5220,66650,67000,11575,9:31:40,100,66650,67100,100,9:31:40,3000,66602,67400,100,9:31:40,58,66601,67450,2000
513,1397/7/25 9:32:02,339,66829,230,66660,66999,473,9:32:00,5220,66650,67000,11575,9:31:40,100,66650,67100,100,9:31:40,3000,66602,67400,100,9:31:40,58,66601,67450,2000
514,1397/7/25 9:32:24,339,66829,1730,66660,66999,473,9:32:00,5220,66650,67000,11575,9:31:40,100,66650,67100,100,9:31:40,3000,66602,67400,100,9:31:40,58,66601,67450,2000
515,1397/7/25 9:32:33,339,66829,1780,66660,66999,473,9:32:00,5220,66650,67000,11575,9:32:33,3000,66650,67100,100,9:32:33,58,66601,67400,100,9:32:33,2534,66600,67450,2000
516,1397/7/25 9:32:35,339,66829,1780,66660,66999,73,9:32:00,5220,66650,67000,11575,9:32:33,3000,66650,67100,100,9:32:33,58,66601,67400,100,9:32:33,2534,66600,67450,2000
517,1397/7/25 9:32:39,333,66832,200,66666,66999,73,9:32:39,1780,66660,67000,11575,9:32:39,5020,66660,67100,100,9:32:39,3000,66602,67400,100,9:32:39,58,66601,67450,2000
518,1397/7/25 9:32:39,333,66832,200,66666,66999,73,9:32:41,8780,66660,67000,11575,9:32:41,20,66660,67100,100,9:32:39,3000,66602,67400,100,9:32:39,58,66601,67450,2000
519,1397/7/25 9:32:47,333,66832,200,66666,66999,1573,9:32:41,8780,66660,67000,11575,9:32:41,20,66660,67100,100,9:32:39,3000,66602,67400,100,9:32:39,58,66601,67450,2000
520,1397/7/25 9:32:57,333,66832,258,66666,66999,1573,9:32:41,8780,66660,67000,11575,9:32:41,20,66660,67100,100,9:32:39,3000,66602,67400,100,9:32:57,2534,66600,67450,2000
521,1397/7/25 9:32:59,333,66832,258,66666,66999,1473,9:32:41,8780,66660,67000,11575,9:32:41,20,66660,67100,100,9:32:39,3000,66602,67400,100,9:32:57,2534,66600,67450,2000
522,1397/7/25 9:33:09,331,66833,123,66668,66999,1473,9:33:09,258,66666,67000,11575,9:33:09,8666,66666,67100,100,9:33:09,20,66650,67400,100,9:33:09,3000,66602,67450,2000
523,1397/7/25 9:33:27,331,66833,123,66668,66999,2219,9:33:09,258,66666,67000,11575,9:33:09,8666,66666,67100,100,9:33:09,20,66650,67400,100,9:33:09,3000,66602,67450,2000
524,1397/7/25 9:33:43,331,66833,123,66668,66999,6419,9:33:09,258,66666,67000,11575,9:33:09,8666,66666,67100,100,9:33:09,20,66650,67400,100,9:33:09,3000,66602,67450,2000
525,1397/7/25 9:33:45,329,66834,200,66670,66999,6419,9:33:45,123,66668,67000,11575,9:33:45,58,66668,67100,100,9:33:45,8666,66660,67400,100,9:33:45,20,66650,67450,2000
526,1397/7/25 9:33:45,329,66834,200,66670,66999,6419,9:33:45,123,66668,67000,11575,9:33:45,58,66668,67100,100,9:33:45,8666,66660,67400,100,9:33:48,228,66650,67450,2000
527,1397/7/25 9:33:49,329,66834,200,66670,66999,6969,9:33:45,123,66668,67000,11575,9:33:45,58,66668,67100,100,9:33:45,8666,66660,67400,100,9:33:48,228,66650,67450,2000
528,1397/7/25 9:33:51,195,66901,16,66804,66999,6969,9:33:51,200,66670,67000,11575,9:33:51,123,66670,67100,100,9:33:51,58,66666,67400,100,9:33:51,8666,66660,67450,2000
529,1397/7/25 9:33:56,195,66901,16,66804,66999,3469,9:33:51,200,66670,67000,11575,9:33:51,123,66670,67100,100,9:33:51,58,66666,67400,100,9:33:56,3666,66660,67450,2000
530,1397/7/25 9:34:02,195,66901,16,66804,66999,3419,9:33:51,200,66670,67000,11575,9:34:02,143,66670,67100,100,9:34:02,58,66666,67400,358,9:34:02,3616,66660,67450,2000
531,1397/7/25 9:34:12,194,66901,16,66804,66998,1500,9:34:12,200,66670,66999,1769,9:34:12,143,66670,67000,11575,9:34:12,58,66666,67100,100,9:34:12,3616,66660,67400,358
532,1397/7/25 9:34:15,194,66901,16,66804,66998,3500,9:34:12,200,66670,66999,1769,9:34:12,143,66670,67000,11575,9:34:12,58,66666,67100,100,9:34:12,3616,66660,67400,358
533,1397/7/25 9:34:30,194,66901,74,66804,66998,3500,9:34:12,200,66670,66999,1769,9:34:12,143,66670,67000,11575,9:34:30,3616,66660,67100,100,9:34:30,228,66650,67400,358
534,1397/7/25 9:34:38,2,66669,143,66668,66670,168,9:34:38,3616,66660,66998,3500,9:34:38,228,66660,66999,1769,9:34:38,1000,66640,67000,11575,9:34:38,3000,66602,67100,100
535,1397/7/25 9:34:45,2,66669,143,66668,66670,68,9:34:38,3616,66660,66998,3500,9:34:38,228,66660,66999,1769,9:34:38,1000,66640,67000,11575,9:34:38,3000,66602,67100,100
536,1397/7/25 9:34:46,328,66834,1432,66670,66998,3500,9:34:46,143,66668,66999,1769,9:34:46,3616,66668,67000,11575,9:34:46,228,66650,67100,100,9:34:46,1000,66640,67400,358
537,1397/7/25 9:34:46,328,66834,1432,66670,66998,3500,9:34:47,123,66668,66999,1769,9:34:47,3636,66668,67000,11575,9:34:46,228,66650,67100,100,9:34:46,1000,66640,67400,358
538,1397/7/25 9:34:50,338,66829,1691,66660,66998,2000,9:34:50,228,66650,66999,1769,9:34:50,1000,66650,67000,11575,9:34:50,3000,66602,67100,100,9:34:50,2434,66600,67400,358
539,1397/7/25 9:34:53,327,66834,1300,66671,66998,2000,9:34:53,1691,66660,66999,1769,9:34:53,228,66660,67000,11575,9:34:53,1000,66640,67100,100,9:34:53,3000,66602,67400,358
540,1397/7/25 9:34:53,327,66834,1300,66671,66998,2000,9:34:55,100,66666,66999,1769,9:34:55,1691,66666,67000,11575,9:34:55,228,66650,67100,100,9:34:55,1000,66640,67400,358
541,1397/7/25 9:35:16,327,66834,1600,66671,66998,2000,9:34:55,100,66666,66999,1769,9:34:55,1691,66666,67000,11575,9:34:55,228,66650,67100,100,9:34:55,1000,66640,67400,358
542,1397/7/25 9:35:17,326,66834,1600,66671,66997,10875,9:35:17,100,66666,66998,2000,9:35:17,1691,66666,66999,1769,9:35:17,228,66650,67000,700,9:35:17,1000,66640,67100,100
543,1397/7/25 9:35:23,325,66833,1600,66671,66996,1000,9:35:23,100,66666,66997,10875,9:35:23,1691,66666,66998,2000,9:35:23,228,66650,66999,1769,9:35:23,1000,66640,67000,700
544,1397/7/25 9:35:24,324,66834,1000,66672,66996,1000,9:35:24,1600,66671,66997,10875,9:35:24,100,66671,66998,2000,9:35:24,1691,66660,66999,1769,9:35:24,228,66650,67000,700
545,1397/7/25 9:35:28,323,66833,1000,66672,66995,2000,9:35:28,1600,66671,66996,1000,9:35:28,100,66671,66997,10875,9:35:24,1691,66660,66999,1769,9:35:24,228,66650,67000,700
546,1397/7/25 9:35:36,322,66833,1000,66672,66994,10875,9:35:36,1600,66671,66995,2000,9:35:36,100,66671,66996,1000,9:35:24,1691,66660,66999,1769,9:35:24,228,66650,67000,700
547,1397/7/25 9:35:38,319,66834,50,66675,66994,10875,9:35:38,1000,66672,66995,2000,9:35:38,1600,66672,66996,1000,9:35:38,100,66666,66999,1769,9:35:38,1691,66660,67000,700
548,1397/7/25 9:35:38,319,66834,50,66675,66994,10875,9:35:38,1000,66672,66995,2000,9:35:38,1600,66672,66996,1000,9:35:43,2000,66667,66999,1769,9:35:43,100,66666,67000,700
549,1397/7/25 9:35:38,319,66834,50,66675,66994,10875,9:35:48,100,66673,66995,2000,9:35:48,1000,66673,66996,1000,9:35:48,1600,66671,66999,1769,9:35:48,2000,66667,67000,700
550,1397/7/25 9:35:38,319,66834,50,66675,66994,10875,9:35:48,100,66673,66995,2000,9:35:55,1149,66673,66996,1000,9:35:48,1600,66671,66999,1769,9:35:48,2000,66667,67000,700
551,1397/7/25 9:36:01,315,66832,50,66675,66990,2000,9:36:01,100,66673,66994,10875,9:35:55,1149,66673,66996,1000,9:35:48,1600,66671,66999,1769,9:35:48,2000,66667,67000,700
552,1397/7/25 9:36:01,315,66832,50,66675,66990,2000,9:36:05,74,66674,66994,10875,9:36:05,100,66674,66996,1000,9:36:05,1149,66672,66999,1769,9:36:05,1600,66671,67000,700
553,1397/7/25 9:36:01,315,66832,50,66675,66990,2000,9:36:05,74,66674,66994,10875,9:36:12,200,66674,66996,1000,9:36:05,1149,66672,66999,1769,9:36:05,1600,66671,67000,700
554,1397/7/25 9:36:19,310,66835,50,66680,66990,2000,9:36:19,50,66675,66994,10875,9:36:19,74,66675,66996,1000,9:36:19,200,66673,66999,1769,9:36:19,1149,66672,67000,700
555,1397/7/25 9:36:19,310,66835,50,66680,66990,2000,9:36:19,50,66675,66994,10875,9:36:19,74,66675,66996,1000,9:36:19,200,66673,66999,1769,9:36:20,1149,66672,67100,100
556,1397/7/25 9:36:36,3,66668,2000,66667,66670,7697,9:36:36,100,66666,66990,2000,9:36:36,1691,66666,66996,1000,9:36:36,228,66650,66999,1769,9:36:36,3000,66602,67100,100
557,1397/7/25 9:36:41,3,66668,2000,66667,66670,6189,9:36:36,100,66666,66990,2000,9:36:36,1691,66666,66996,1000,9:36:36,228,66650,66999,1769,9:36:36,3000,66602,67100,100
558,1397/7/25 9:36:56,3,66668,2000,66667,66670,6099,9:36:36,100,66666,66990,2000,9:36:36,1691,66666,66996,1000,9:36:36,228,66650,66999,1769,9:36:36,3000,66602,67100,100
559,1397/7/25 9:37:05,3,66668,2000,66667,66670,5099,9:36:36,100,66666,66990,2000,9:36:36,1691,66666,66996,1000,9:36:36,228,66650,66999,1769,9:36:36,3000,66602,67100,100
560,1397/7/25 9:37:05,3,66668,2000,66667,66670,5099,9:37:11,100,66666,66989,70,9:37:11,1691,66666,66990,2000,9:37:11,228,66650,66996,1000,9:37:11,3000,66602,66999,1769
561,1397/7/25 9:37:31,3,66668,2000,66667,66670,4974,9:37:11,100,66666,66989,70,9:37:11,1691,66666,66990,2000,9:37:11,228,66650,66996,1000,9:37:11,3000,66602,66999,1769
562,1397/7/25 9:37:32,3,66668,2000,66667,66670,1282,9:37:11,100,66666,66989,70,9:37:11,1691,66666,66990,2000,9:37:11,228,66650,66996,1000,9:37:11,3000,66602,66999,1769
563,1397/7/25 9:37:38,3,66668,2000,66667,66670,1782,9:37:11,100,66666,66989,70,9:37:11,1691,66666,66990,2000,9:37:11,228,66650,66996,1000,9:37:11,3000,66602,66999,1769
564,1397/7/25 9:37:42,3,66668,2000,66667,66670,1757,9:37:11,100,66666,66989,70,9:37:11,1691,66666,66990,2000,9:37:11,228,66650,66996,1000,9:37:11,3000,66602,66999,1769
565,1397/7/25 9:37:51,3,66668,1970,66667,66670,1757,9:37:11,100,66666,66989,70,9:37:11,1691,66666,66990,2000,9:37:11,228,66650,66996,1000,9:37:11,3000,66602,66999,1769
566,1397/7/25 9:37:57,3,66668,1970,66667,66670,1607,9:37:11,100,66666,66989,70,9:37:11,1691,66666,66990,2000,9:37:11,228,66650,66996,1000,9:37:11,3000,66602,66999,1769
567,1397/7/25 9:37:59,3,66668,1970,66667,66670,681,9:37:11,100,66666,66989,70,9:37:11,1691,66666,66990,2000,9:37:11,228,66650,66996,1000,9:37:11,3000,66602,66999,1769
568,1397/7/25 9:38:04,3,66668,1970,66667,66670,5008,9:37:11,100,66666,66989,70,9:37:11,1691,66666,66990,2000,9:37:11,228,66650,66996,1000,9:37:11,3000,66602,66999,1769
569,1397/7/25 9:38:05,3,66668,1970,66667,66670,4963,9:37:11,100,66666,66989,70,9:37:11,1691,66666,66990,2000,9:37:11,228,66650,66996,1000,9:37:11,3000,66602,66999,1769
570,1397/7/25 9:38:06,3,66668,1990,66667,66670,4963,9:37:11,100,66666,66989,70,9:37:11,1691,66666,66990,2000,9:37:11,228,66650,66996,1000,9:37:11,3000,66602,66999,1769
571,1397/7/25 9:38:14,3,66668,1990,66667,66670,4833,9:37:11,100,66666,66989,70,9:37:11,1691,66666,66990,2000,9:37:11,228,66650,66996,1000,9:37:11,3000,66602,66999,1769
572,1397/7/25 9:38:26,3,66668,1873,66667,66670,4833,9:37:11,100,66666,66989,70,9:37:11,1691,66666,66990,2000,9:37:11,228,66650,66996,1000,9:37:11,3000,66602,66999,1769
573,1397/7/25 9:38:31,3,66668,1268,66667,66670,4833,9:37:11,100,66666,66989,70,9:37:11,1691,66666,66990,2000,9:37:11,228,66650,66996,1000,9:37:11,3000,66602,66999,1769
574,1397/7/25 9:38:32,10,66655,228,66650,66660,1774,9:38:32,3000,66602,66989,70,9:38:32,3000,66602,66990,2000,9:38:32,600,66500,66996,1000,9:38:32,5000,66340,66999,1769
575,1397/7/25 9:38:42,10,66655,228,66650,66660,1674,9:38:32,3000,66602,66989,70,9:38:32,3000,66602,66990,2000,9:38:32,600,66500,66996,1000,9:38:32,5000,66340,66999,1769
576,1397/7/25 9:38:42,10,66655,228,66650,66660,1674,9:38:44,3000,66602,66989,3070,9:38:32,3000,66602,66990,2000,9:38:32,600,66500,66996,1000,9:38:32,5000,66340,66999,1769
577,1397/7/25 9:38:55,10,66655,20,66650,66660,1674,9:38:44,3000,66602,66989,3070,9:38:32,3000,66602,66990,2000,9:38:32,600,66500,66996,1000,9:38:32,5000,66340,66999,1769
578,1397/7/25 9:39:11,48,66626,3000,66602,66650,680,9:39:11,3000,66502,66660,1674,9:39:11,600,66502,66989,3070,9:39:11,5000,66340,66990,2000,9:39:11,775,66336,66996,1000
579,1397/7/25 9:39:11,48,66626,3000,66602,66650,680,9:39:13,3000,66502,66660,1874,9:39:11,600,66502,66989,3070,9:39:11,5000,66340,66990,2000,9:39:11,775,66336,66996,1000
580,1397/7/25 9:39:14,10,66655,4320,66650,66660,1874,9:39:14,3000,66602,66989,3070,9:39:14,3000,66602,66990,2000,9:39:14,600,66500,66996,1000,9:39:14,5000,66340,66999,1769
581,1397/7/25 9:39:18,10,66655,4320,66650,66660,1815,9:39:14,3000,66602,66989,3070,9:39:14,3000,66602,66990,2000,9:39:14,600,66500,66996,1000,9:39:14,5000,66340,66999,1769
582,1397/7/25 9:39:28,10,66655,4320,66650,66660,1799,9:39:14,3000,66602,66989,3070,9:39:14,3000,66602,66990,2000,9:39:14,600,66500,66996,1000,9:39:14,5000,66340,66999,1769
583,1397/7/25 9:39:28,10,66655,4320,66650,66660,1799,9:39:14,3000,66602,66989,3070,9:39:31,3000,66602,66996,1000,9:39:31,600,66500,66999,1769,9:39:31,5000,66340,67100,100
584,1397/7/25 9:39:39,9,66655,100,66651,66660,1799,9:39:39,4320,66650,66989,3070,9:39:39,3000,66650,66996,1000,9:39:39,3000,66502,66999,1769,9:39:39,600,66500,67100,100
585,1397/7/25 9:39:41,9,66655,100,66651,66660,1599,9:39:39,4320,66650,66989,3070,9:39:39,3000,66650,66996,1000,9:39:39,3000,66502,66999,1769,9:39:39,600,66500,67100,100
