,time1,Spread,Mid-price,volume_buy1,price_buy1,price_sell1,volume_sell1,time2,volume_buy2,price_buy2,price_sell2,volume_sell2,time3,volume_buy3,price_buy3,price_sell3,volume_sell3,time4,volume_buy4,price_buy4,price_sell4,volume_sell4,time5,volume_buy5,price_buy5,price_sell5,volume_sell5
0,1397/7/24 6:01:24,3016,68212,104,66704,69720,50,6:01:24,200,64181,0,0,6:01:24,800,64181,0,0,6:01:24,494,62301,0,0,6:01:24,159,62300,0,0
1,1397/7/24 8:30:14,0,70006,30000,70006,70006,50,8:30:14,104,66704,0,0,8:30:14,200,66704,0,0,8:30:14,800,64180,0,0,8:30:14,494,62301,0,0
2,1397/7/24 8:30:15,0,70006,37000,70006,70006,50,8:30:14,104,66704,0,0,8:30:14,200,66704,0,0,8:30:14,800,64180,0,0,8:30:14,494,62301,0,0
3,1397/7/24 8:30:16,0,70006,67000,70006,70006,50,8:30:14,104,66704,0,0,8:30:14,200,66704,0,0,8:30:14,800,64180,0,0,8:30:14,494,62301,0,0
4,1397/7/24 8:30:19,0,70006,167000,70006,70006,50,8:30:14,104,66704,0,0,8:30:14,200,66704,0,0,8:30:14,800,64180,0,0,8:30:14,494,62301,0,0
5,1397/7/24 8:30:21,0,70006,267000,70006,70006,50,8:30:14,104,66704,0,0,8:30:14,200,66704,0,0,8:30:14,800,64180,0,0,8:30:14,494,62301,0,0
6,1397/7/24 8:30:23,0,70006,274000,70006,70006,50,8:30:14,104,66704,0,0,8:30:14,200,66704,0,0,8:30:14,800,64180,0,0,8:30:14,494,62301,0,0
7,1397/7/24 8:30:26,0,70006,288000,70006,70006,50,8:30:14,104,66704,0,0,8:30:14,200,66704,0,0,8:30:14,800,64180,0,0,8:30:14,494,62301,0,0
8,1397/7/24 8:30:28,0,70006,295000,70006,70006,50,8:30:14,104,66704,0,0,8:30:14,200,66704,0,0,8:30:14,800,64180,0,0,8:30:14,494,62301,0,0
9,1397/7/24 8:30:29,0,70006,355000,70006,70006,50,8:30:14,104,66704,0,0,8:30:14,200,66704,0,0,8:30:14,800,64180,0,0,8:30:14,494,62301,0,0
10,1397/7/24 8:30:30,0,70006,362000,70006,70006,50,8:30:14,104,66704,0,0,8:30:14,200,66704,0,0,8:30:14,800,64180,0,0,8:30:14,494,62301,0,0
11,1397/7/24 8:30:31,0,70006,399300,70006,70006,50,8:30:14,104,66704,0,0,8:30:14,200,66704,0,0,8:30:14,800,64180,0,0,8:30:14,494,62301,0,0
12,1397/7/24 8:30:34,0,70006,413300,70006,70006,50,8:30:34,1596,66704,0,0,8:30:14,200,66704,0,0,8:30:14,800,64180,0,0,8:30:14,494,62301,0,0
13,1397/7/24 8:30:48,0,70006,417081,70006,70006,50,8:30:34,1596,66704,0,0,8:30:14,200,66704,0,0,8:30:14,800,64180,0,0,8:30:14,494,62301,0,0
14,1397/7/24 8:30:52,0,70006,417296,70006,70006,50,8:30:34,1596,66704,0,0,8:30:52,200,66704,0,0,8:30:52,200,64181,0,0,8:30:52,885,64180,0,0
15,1397/7/24 8:30:54,0,70006,418846,70006,70006,50,8:30:34,1596,66704,0,0,8:30:52,200,66704,0,0,8:30:52,200,64181,0,0,8:30:52,885,64180,0,0
16,1397/7/24 8:31:01,0,70006,420046,70006,70006,50,8:30:34,1596,66704,0,0,8:30:52,200,66704,0,0,8:30:52,200,64181,0,0,8:30:52,885,64180,0,0
17,1397/7/24 8:31:02,0,70006,420756,70006,70006,50,8:30:34,1596,66704,0,0,8:30:52,200,66704,0,0,8:30:52,200,64181,0,0,8:30:52,885,64180,0,0
18,1397/7/24 8:31:02,0,70006,420756,70006,70006,50,8:31:04,1000,69720,0,0,8:31:04,1596,69720,0,0,8:31:04,200,66700,0,0,8:31:04,1490,66673,0,0
19,1397/7/24 8:31:07,0,70006,421040,70006,70006,350,8:31:04,1000,69720,0,0,8:31:04,1596,69720,0,0,8:31:04,200,66700,0,0,8:31:04,1490,66673,0,0
20,1397/7/24 8:31:08,0,70006,421253,70006,70006,350,8:31:04,1000,69720,0,0,8:31:08,150,69720,0,0,8:31:08,1596,66704,0,0,8:31:08,200,66700,0,0
21,1397/7/24 8:31:08,0,70006,421253,70006,70006,350,8:31:14,25,70000,0,0,8:31:14,1000,70000,0,0,8:31:14,150,69000,0,0,8:31:14,1596,66704,0,0
22,1397/7/24 8:31:16,0,70006,421253,70006,70006,2570,8:31:14,25,70000,0,0,8:31:16,1061,70000,0,0,8:31:14,150,69000,0,0,8:31:14,1596,66704,0,0
23,1397/7/24 8:31:18,0,70006,421944,70006,70006,2570,8:31:14,25,70000,0,0,8:31:16,1061,70000,0,0,8:31:14,150,69000,0,0,8:31:14,1596,66704,0,0
24,1397/7/24 8:31:20,0,70006,426944,70006,70006,2570,8:31:14,25,70000,0,0,8:31:16,1061,70000,0,0,8:31:14,150,69000,0,0,8:31:14,1596,66704,0,0
25,1397/7/24 8:31:23,0,70006,427024,70006,70006,2570,8:31:14,25,70000,0,0,8:31:16,1061,70000,0,0,8:31:14,150,69000,0,0,8:31:14,1596,66704,0,0
26,1397/7/24 8:31:24,0,70006,426882,70006,70006,2570,8:31:14,25,70000,0,0,8:31:16,1061,70000,0,0,8:31:14,150,69000,0,0,8:31:14,1596,66704,0,0
27,1397/7/24 8:31:26,0,70006,326882,70006,70006,2570,8:31:14,25,70000,0,0,8:31:16,1061,70000,0,0,8:31:14,150,69000,0,0,8:31:14,1596,66704,0,0
28,1397/7/24 8:31:29,0,70006,326882,70006,70006,37805,8:31:14,25,70000,0,0,8:31:16,1061,70000,0,0,8:31:14,150,69000,0,0,8:31:14,1596,66704,0,0
29,1397/7/24 8:31:33,0,70006,327382,70006,70006,37805,8:31:14,25,70000,0,0,8:31:16,1061,70000,0,0,8:31:14,150,69000,0,0,8:31:14,1596,66704,0,0
30,1397/7/24 8:31:34,0,70006,327382,70006,70006,37905,8:31:14,25,70000,0,0,8:31:16,1061,70000,0,0,8:31:14,150,69000,0,0,8:31:14,1596,66704,0,0
31,1397/7/24 8:31:38,0,70006,235225,70006,70006,37905,8:31:14,25,70000,0,0,8:31:16,1061,70000,0,0,8:31:14,150,69000,0,0,8:31:14,1596,66704,0,0
32,1397/7/24 8:31:39,0,70006,235290,70006,70006,37905,8:31:14,25,70000,0,0,8:31:16,1061,70000,0,0,8:31:14,150,69000,0,0,8:31:14,1596,66704,0,0
33,1397/7/24 8:31:40,0,70006,234890,70006,70006,37905,8:31:14,25,70000,0,0,8:31:16,1061,70000,0,0,8:31:14,150,69000,0,0,8:31:14,1596,66704,0,0
34,1397/7/24 8:31:41,0,70006,234987,70006,70006,37905,8:31:14,25,70000,0,0,8:31:16,1061,70000,0,0,8:31:14,150,69000,0,0,8:31:14,1596,66704,0,0
35,1397/7/24 8:31:43,0,70006,235386,70006,70006,37905,8:31:14,25,70000,0,0,8:31:16,1061,70000,0,0,8:31:14,150,69000,0,0,8:31:14,1596,66704,0,0
36,1397/7/24 8:31:47,0,70006,237186,70006,70006,37905,8:31:14,25,70000,0,0,8:31:16,1061,70000,0,0,8:31:14,150,69000,0,0,8:31:14,1596,66704,0,0
37,1397/7/24 8:31:49,0,70006,237316,70006,70006,37905,8:31:14,25,70000,0,0,8:31:16,1061,70000,0,0,8:31:14,150,69000,0,0,8:31:14,1596,66704,0,0
38,1397/7/24 8:31:52,0,70006,237366,70006,70006,37905,8:31:14,25,70000,0,0,8:31:16,1061,70000,0,0,8:31:14,150,69000,0,0,8:31:14,1596,66704,0,0
39,1397/7/24 8:31:54,0,70006,238292,70006,70006,37905,8:31:14,25,70000,0,0,8:31:16,1061,70000,0,0,8:31:14,150,69000,0,0,8:31:14,1596,66704,0,0
40,1397/7/24 8:32:10,0,70006,239292,70006,70006,37905,8:31:14,25,70000,0,0,8:31:16,1061,70000,0,0,8:31:14,150,69000,0,0,8:31:14,1596,66704,0,0
41,1397/7/24 8:32:15,0,70006,239149,70006,70006,37905,8:31:14,25,70000,0,0,8:31:16,1061,70000,0,0,8:31:14,150,69000,0,0,8:31:14,1596,66704,0,0
42,1397/7/24 8:32:18,0,70006,239309,70006,70006,37905,8:31:14,25,70000,0,0,8:31:16,1061,70000,0,0,8:31:14,150,69000,0,0,8:31:14,1596,66704,0,0
43,1397/7/24 8:32:33,0,70006,241029,70006,70006,37905,8:31:14,25,70000,0,0,8:31:16,1061,70000,0,0,8:31:14,150,69000,0,0,8:31:14,1596,66704,0,0
44,1397/7/24 8:32:33,0,70006,241029,70006,70006,37905,8:31:14,25,70000,0,0,8:31:16,1061,70000,0,0,8:31:14,150,69000,0,0,8:32:41,1906,66704,0,0
45,1397/7/24 8:32:47,0,70006,241879,70006,70006,37905,8:31:14,25,70000,0,0,8:31:16,1061,70000,0,0,8:31:14,150,69000,0,0,8:32:41,1906,66704,0,0
46,1397/7/24 8:32:48,0,70006,242379,70006,70006,37905,8:31:14,25,70000,0,0,8:31:16,1061,70000,0,0,8:31:14,150,69000,0,0,8:32:41,1906,66704,0,0
47,1397/7/24 8:32:55,0,70006,242379,70006,70006,38205,8:31:14,25,70000,0,0,8:31:16,1061,70000,0,0,8:31:14,150,69000,0,0,8:32:41,1906,66704,0,0
48,1397/7/24 8:32:55,0,70006,242379,70006,70006,38205,8:31:14,25,70000,0,0,8:31:16,1061,70000,0,0,8:33:02,300,69000,0,0,8:33:02,3396,66704,0,0
49,1397/7/24 8:33:12,0,70006,242629,70006,70006,38205,8:31:14,25,70000,0,0,8:31:16,1061,70000,0,0,8:33:02,300,69000,0,0,8:33:02,3396,66704,0,0
50,1397/7/24 8:33:17,0,70006,244122,70006,70006,38205,8:31:14,25,70000,0,0,8:31:16,1061,70000,0,0,8:33:17,400,69000,0,0,8:33:02,3396,66704,0,0
51,1397/7/24 8:33:22,0,70006,188122,70006,70006,38205,8:31:14,25,70000,0,0,8:31:16,1061,70000,0,0,8:33:17,400,69000,0,0,8:33:02,3396,66704,0,0
52,1397/7/24 8:33:30,0,70006,188322,70006,70006,38205,8:31:14,25,70000,0,0,8:31:16,1061,70000,0,0,8:33:17,400,69000,0,0,8:33:02,3396,66704,0,0
53,1397/7/24 8:33:31,0,70006,188622,70006,70006,38205,8:31:14,25,70000,0,0,8:31:16,1061,70000,0,0,8:33:17,400,69000,0,0,8:33:02,3396,66704,0,0
54,1397/7/24 8:33:38,0,70006,188622,70006,70006,39265,8:31:14,25,70000,0,0,8:31:16,1061,70000,0,0,8:33:17,400,69000,0,0,8:33:02,3396,66704,0,0
55,1397/7/24 8:33:49,0,70006,189122,70006,70006,39265,8:31:14,25,70000,0,0,8:31:16,1061,70000,0,0,8:33:17,400,69000,0,0,8:33:02,3396,66704,0,0
56,1397/7/24 8:33:51,0,70006,186122,70006,70006,39265,8:31:14,25,70000,0,0,8:31:16,1061,70000,0,0,8:33:17,400,69000,0,0,8:33:02,3396,66704,0,0
57,1397/7/24 8:33:56,0,70006,186172,70006,70006,39265,8:31:14,25,70000,0,0,8:31:16,1061,70000,0,0,8:33:17,400,69000,0,0,8:33:02,3396,66704,0,0
58,1397/7/24 8:34:13,0,70006,188301,70006,70006,39265,8:31:14,25,70000,0,0,8:31:16,1061,70000,0,0,8:33:17,400,69000,0,0,8:33:02,3396,66704,0,0
59,1397/7/24 8:34:13,0,70006,188301,70006,70006,39265,8:31:14,25,70000,0,0,8:31:16,1061,70000,0,0,8:33:17,400,69000,0,0,8:34:21,3586,66704,0,0
60,1397/7/24 8:34:23,0,70006,188301,70006,70006,39665,8:31:14,25,70000,0,0,8:31:16,1061,70000,0,0,8:33:17,400,69000,0,0,8:34:21,3586,66704,0,0
61,1397/7/24 8:34:27,0,70006,189051,70006,70006,39665,8:31:14,25,70000,0,0,8:31:16,1061,70000,0,0,8:33:17,400,69000,0,0,8:34:21,3586,66704,0,0
62,1397/7/24 8:34:28,0,70006,189451,70006,70006,39665,8:31:14,25,70000,0,0,8:31:16,1061,70000,0,0,8:33:17,400,69000,0,0,8:34:21,3586,66704,0,0
63,1397/7/24 8:34:31,0,70006,189471,70006,70006,39665,8:31:14,25,70000,0,0,8:31:16,1061,70000,0,0,8:33:17,400,69000,0,0,8:34:21,3586,66704,0,0
64,1397/7/24 8:34:35,0,70006,190371,70006,70006,39665,8:31:14,25,70000,0,0,8:31:16,1061,70000,0,0,8:33:17,400,69000,0,0,8:34:21,3586,66704,0,0
65,1397/7/24 8:34:35,0,70006,190371,70006,70006,39665,8:31:14,25,70000,0,0,8:34:36,1059,70000,0,0,8:33:17,400,69000,0,0,8:34:21,3586,66704,0,0
66,1397/7/24 8:34:42,0,70006,190401,70006,70006,39665,8:31:14,25,70000,0,0,8:34:36,1059,70000,0,0,8:33:17,400,69000,0,0,8:34:21,3586,66704,0,0
67,1397/7/24 8:34:53,0,70006,191102,70006,70006,39665,8:31:14,25,70000,0,0,8:34:36,1059,70000,0,0,8:33:17,400,69000,0,0,8:34:21,3586,66704,0,0
68,1397/7/24 8:34:54,0,70006,191102,70006,70006,42649,8:31:14,25,70000,0,0,8:34:36,1059,70000,0,0,8:33:17,400,69000,0,0,8:34:21,3586,66704,0,0
69,1397/7/24 8:34:55,0,70006,190675,70006,70006,42649,8:31:14,25,70000,0,0,8:34:36,1059,70000,0,0,8:33:17,400,69000,0,0,8:34:21,3586,66704,0,0
70,1397/7/24 8:35:08,0,70006,191075,70006,70006,42649,8:31:14,25,70000,0,0,8:34:36,1059,70000,0,0,8:35:08,3586,66704,0,0,8:35:08,200,66700,0,0
71,1397/7/24 8:35:16,0,70006,191075,70006,70006,47949,8:31:14,25,70000,0,0,8:34:36,1059,70000,0,0,8:35:08,3586,66704,0,0,8:35:08,200,66700,0,0
72,1397/7/24 8:35:37,0,70006,191146,70006,70006,47949,8:31:14,25,70000,0,0,8:34:36,1059,70000,0,0,8:35:08,3586,66704,0,0,8:35:08,200,66700,0,0
73,1397/7/24 8:35:40,0,70006,191236,70006,70006,47949,8:31:14,25,70000,0,0,8:34:36,1059,70000,0,0,8:35:08,3586,66704,0,0,8:35:08,200,66700,0,0
74,1397/7/24 8:35:58,0,70006,191736,70006,70006,47949,8:31:14,25,70000,0,0,8:34:36,1059,70000,0,0,8:35:08,3586,66704,0,0,8:35:08,200,66700,0,0
75,1397/7/24 8:36:03,0,70006,193736,70006,70006,47945,8:31:14,25,70000,0,0,8:34:36,1059,70000,0,0,8:35:08,3586,66704,0,0,8:35:08,200,66700,0,0
76,1397/7/24 8:36:11,0,70006,139236,70006,70006,47945,8:31:14,25,70000,0,0,8:34:36,1059,70000,0,0,8:35:08,3586,66704,0,0,8:35:08,200,66700,0,0
77,1397/7/24 8:36:20,0,70006,139256,70006,70006,48945,8:31:14,25,70000,0,0,8:34:36,1059,70000,0,0,8:35:08,3586,66704,0,0,8:35:08,200,66700,0,0
78,1397/7/24 8:36:20,0,70006,139256,70006,70006,48945,8:31:14,25,70000,0,0,8:34:36,1059,70000,0,0,8:35:08,3586,66704,0,0,8:36:21,700,66700,0,0
79,1397/7/24 8:36:23,0,70006,139256,70006,70006,48995,8:31:14,25,70000,0,0,8:34:36,1059,70000,0,0,8:35:08,3586,66704,0,0,8:36:21,700,66700,0,0
80,1397/7/24 8:36:26,0,70006,143521,70006,70006,48995,8:31:14,25,70000,0,0,8:34:36,1059,70000,0,0,8:35:08,3586,66704,0,0,8:36:21,700,66700,0,0
81,1397/7/24 8:36:32,0,70006,143521,70006,70006,49495,8:31:14,25,70000,0,0,8:34:36,1059,70000,0,0,8:35:08,3586,66704,0,0,8:36:21,700,66700,0,0
82,1397/7/24 8:36:41,0,70006,143308,70006,70006,49495,8:31:14,25,70000,0,0,8:34:36,1059,70000,0,0,8:36:41,3799,66704,0,0,8:36:21,700,66700,0,0
83,1397/7/24 8:36:41,0,70006,143308,70006,70006,49495,8:31:14,25,70000,0,0,8:34:36,1059,70000,0,0,8:36:47,24,67000,0,0,8:36:47,3799,66704,0,0
84,1397/7/24 8:36:54,0,70006,143338,70006,70006,49495,8:31:14,25,70000,0,0,8:34:36,1059,70000,0,0,8:36:47,24,67000,0,0,8:36:47,3799,66704,0,0
85,1397/7/24 8:37:02,0,70006,143338,70006,70006,44495,8:31:14,25,70000,0,0,8:34:36,1059,70000,0,0,8:36:47,24,67000,0,0,8:36:47,3799,66704,0,0
86,1397/7/24 8:37:23,0,70006,142988,70006,70006,44495,8:31:14,25,70000,0,0,8:34:36,1059,70000,0,0,8:36:47,24,67000,0,0,8:36:47,3799,66704,0,0
87,1397/7/24 8:37:31,0,70006,142588,70006,70006,44495,8:31:14,25,70000,0,0,8:34:36,1059,70000,0,0,8:36:47,24,67000,0,0,8:36:47,3799,66704,0,0
88,1397/7/24 8:37:43,0,70006,143598,70006,70006,44495,8:31:14,25,70000,0,0,8:34:36,1059,70000,0,0,8:36:47,24,67000,0,0,8:36:47,3799,66704,0,0
89,1397/7/24 8:37:51,0,70006,143698,70006,70006,44495,8:31:14,25,70000,0,0,8:34:36,1059,70000,0,0,8:36:47,24,67000,0,0,8:36:47,3799,66704,0,0
90,1397/7/24 8:37:53,0,70006,143698,70006,70006,46595,8:31:14,25,70000,0,0,8:34:36,1059,70000,0,0,8:36:47,24,67000,0,0,8:36:47,3799,66704,0,0
91,1397/7/24 8:37:53,0,70006,143698,70006,70006,46595,8:31:14,25,70000,0,0,8:34:36,1059,70000,0,0,8:37:58,30,67333,0,0,8:37:58,24,67000,0,0
92,1397/7/24 8:38:03,0,70006,143698,70006,70006,46805,8:31:14,25,70000,0,0,8:34:36,1059,70000,0,0,8:37:58,30,67333,0,0,8:37:58,24,67000,0,0
93,1397/7/24 8:38:25,0,70006,143698,70006,70006,47805,8:31:14,25,70000,0,0,8:34:36,1059,70000,0,0,8:37:58,30,67333,0,0,8:37:58,24,67000,0,0
94,1397/7/24 8:38:55,0,70006,143840,70006,70006,67805,8:31:14,25,70000,0,0,8:34:36,1059,70000,0,0,8:37:58,30,67333,0,0,8:37:58,24,67000,0,0
95,1397/7/24 8:39:13,0,70006,143840,70006,70006,117805,8:31:14,25,70000,0,0,8:34:36,1059,70000,0,0,8:37:58,30,67333,0,0,8:37:58,24,67000,0,0
96,1397/7/24 8:39:38,0,70006,144130,70006,70006,117805,8:31:14,25,70000,0,0,8:34:36,1059,70000,0,0,8:37:58,30,67333,0,0,8:37:58,24,67000,0,0
97,1397/7/24 8:39:43,0,70006,144130,70006,70006,157805,8:31:14,25,70000,0,0,8:34:36,1059,70000,0,0,8:37:58,30,67333,0,0,8:37:58,24,67000,0,0
98,1397/7/24 8:39:44,0,70006,144166,70006,70006,162735,8:31:14,25,70000,0,0,8:34:36,1059,70000,0,0,8:37:58,30,67333,0,0,8:37:58,24,67000,0,0
99,1397/7/24 8:39:46,0,70006,144166,70006,70006,163735,8:31:14,25,70000,0,0,8:34:36,1059,70000,0,0,8:37:58,30,67333,0,0,8:37:58,24,67000,0,0
100,1397/7/24 8:39:50,0,70006,144225,70006,70006,163735,8:31:14,25,70000,0,0,8:34:36,1059,70000,0,0,8:37:58,30,67333,0,0,8:37:58,24,67000,0,0
101,1397/7/24 8:39:56,0,70006,144225,70006,70006,164703,8:31:14,25,70000,0,0,8:34:36,1059,70000,0,0,8:37:58,30,67333,0,0,8:37:58,24,67000,0,0
102,1397/7/24 8:39:58,0,70006,144225,70006,70006,164911,8:31:14,25,70000,0,0,8:34:36,1059,70000,0,0,8:37:58,30,67333,0,0,8:37:58,24,67000,0,0
103,1397/7/24 8:40:01,0,70006,144225,70006,70006,165311,8:31:14,25,70000,0,0,8:34:36,1059,70000,0,0,8:37:58,30,67333,0,0,8:37:58,24,67000,0,0
104,1397/7/24 8:40:01,0,70006,144225,70006,70006,165311,8:31:14,25,70000,0,0,8:34:36,1059,70000,0,0,8:37:58,30,67333,0,0,8:40:07,237,67000,0,0
105,1397/7/24 8:40:09,0,70006,144793,70006,70006,165311,8:31:14,25,70000,0,0,8:34:36,1059,70000,0,0,8:37:58,30,67333,0,0,8:40:07,237,67000,0,0
106,1397/7/24 8:40:21,0,70006,146083,70006,70006,165311,8:31:14,25,70000,0,0,8:34:36,1059,70000,0,0,8:37:58,30,67333,0,0,8:40:07,237,67000,0,0
107,1397/7/24 8:40:34,0,70006,146083,70006,70006,165811,8:31:14,25,70000,0,0,8:34:36,1059,70000,0,0,8:37:58,30,67333,0,0,8:40:07,237,67000,0,0
108,1397/7/24 8:40:35,0,70006,147504,70006,70006,165811,8:31:14,25,70000,0,0,8:34:36,1059,70000,0,0,8:37:58,30,67333,0,0,8:40:07,237,67000,0,0
109,1397/7/24 8:40:43,0,70006,147504,70006,70006,166811,8:31:14,25,70000,0,0,8:34:36,1059,70000,0,0,8:37:58,30,67333,0,0,8:40:07,237,67000,0,0
110,1397/7/24 8:40:59,0,70006,147504,70006,70006,216811,8:31:14,25,70000,0,0,8:34:36,1059,70000,0,0,8:37:58,30,67333,0,0,8:40:07,237,67000,0,0
111,1397/7/24 8:40:59,0,70006,147504,70006,70006,216811,8:31:14,25,70000,0,0,8:34:36,1059,70000,0,0,8:41:05,237,67000,0,0,8:41:05,4182,66704,0,0
112,1397/7/24 8:41:06,0,70006,147484,70006,70006,216811,8:31:14,25,70000,0,0,8:34:36,1059,70000,0,0,8:41:05,237,67000,0,0,8:41:05,4182,66704,0,0
113,1397/7/24 8:41:09,0,70006,147984,70006,70006,216811,8:31:14,25,70000,0,0,8:34:36,1059,70000,0,0,8:41:05,237,67000,0,0,8:41:05,4182,66704,0,0
114,1397/7/24 8:41:15,0,70006,147984,70006,70006,246811,8:31:14,25,70000,0,0,8:34:36,1059,70000,0,0,8:41:05,237,67000,0,0,8:41:05,4182,66704,0,0
115,1397/7/24 8:41:17,0,70006,147984,70006,70006,247010,8:31:14,25,70000,0,0,8:34:36,1059,70000,0,0,8:41:05,237,67000,0,0,8:41:05,4182,66704,0,0
116,1397/7/24 8:41:18,0,70006,147984,70006,70006,248054,8:31:14,25,70000,0,0,8:34:36,1059,70000,0,0,8:41:05,237,67000,0,0,8:41:05,4182,66704,0,0
117,1397/7/24 8:41:19,0,70006,148184,70006,70006,248054,8:31:14,25,70000,0,0,8:34:36,1059,70000,0,0,8:41:05,237,67000,0,0,8:41:05,4182,66704,0,0
118,1397/7/24 8:41:29,0,70006,148334,70006,70006,248054,8:31:14,25,70000,0,0,8:34:36,1059,70000,0,0,8:41:05,237,67000,0,0,8:41:05,4182,66704,0,0
119,1397/7/24 8:41:35,0,70006,148084,70006,70006,253054,8:31:14,25,70000,0,0,8:34:36,1059,70000,0,0,8:41:05,237,67000,0,0,8:41:05,4182,66704,0,0
120,1397/7/24 8:41:45,0,70006,147834,70006,70006,253054,8:31:14,25,70000,0,0,8:34:36,1059,70000,0,0,8:41:05,237,67000,0,0,8:41:05,4182,66704,0,0
121,1397/7/24 8:41:46,0,70006,147844,70006,70006,253054,8:31:14,25,70000,0,0,8:34:36,1059,70000,0,0,8:41:05,237,67000,0,0,8:41:05,4182,66704,0,0
122,1397/7/24 8:41:49,0,70006,148324,70006,70006,253054,8:31:14,25,70000,0,0,8:34:36,1059,70000,0,0,8:41:05,237,67000,0,0,8:41:05,4182,66704,0,0
123,1397/7/24 8:41:50,0,70006,149174,70006,70006,253054,8:31:14,25,70000,0,0,8:34:36,1059,70000,0,0,8:41:05,237,67000,0,0,8:41:05,4182,66704,0,0
124,1397/7/24 8:41:52,0,70006,149674,70006,70006,253381,8:31:14,25,70000,0,0,8:34:36,1059,70000,0,0,8:41:05,237,67000,0,0,8:41:05,4182,66704,0,0
125,1397/7/24 8:41:54,0,70006,149676,70006,70006,253381,8:31:14,25,70000,0,0,8:34:36,1059,70000,0,0,8:41:05,237,67000,0,0,8:41:05,4182,66704,0,0
126,1397/7/24 8:41:58,0,70006,149676,70006,70006,257861,8:31:14,25,70000,0,0,8:34:36,1059,70000,0,0,8:41:05,237,67000,0,0,8:41:05,4182,66704,0,0
127,1397/7/24 8:42:08,0,70006,149736,70006,70006,257861,8:31:14,25,70000,0,0,8:34:36,1059,70000,0,0,8:41:05,237,67000,0,0,8:41:05,4182,66704,0,0
128,1397/7/24 8:42:13,0,70006,149736,70006,70006,256893,8:31:14,25,70000,0,0,8:34:36,1059,70000,0,0,8:41:05,237,67000,0,0,8:41:05,4182,66704,0,0
129,1397/7/24 8:42:22,0,70006,149736,70006,70006,257684,8:31:14,25,70000,0,0,8:34:36,1059,70000,0,0,8:41:05,237,67000,0,0,8:41:05,4182,66704,0,0
130,1397/7/24 8:42:31,0,70006,149736,70006,70006,264255,8:31:14,25,70000,0,0,8:34:36,1059,70000,0,0,8:41:05,237,67000,0,0,8:41:05,4182,66704,0,0
131,1397/7/24 8:42:36,0,70006,149736,70006,70006,269255,8:31:14,25,70000,0,0,8:34:36,1059,70000,0,0,8:41:05,237,67000,0,0,8:41:05,4182,66704,0,0
132,1397/7/24 8:42:36,0,70006,149736,70006,70006,269255,8:42:54,525,70000,0,0,8:34:36,1059,70000,0,0,8:41:05,237,67000,0,0,8:41:05,4182,66704,0,0
133,1397/7/24 8:43:02,0,70006,149736,70006,70006,264255,8:42:54,525,70000,0,0,8:34:36,1059,70000,0,0,8:41:05,237,67000,0,0,8:41:05,4182,66704,0,0
134,1397/7/24 8:43:03,0,70006,149765,70006,70006,264255,8:42:54,525,70000,0,0,8:34:36,1059,70000,0,0,8:41:05,237,67000,0,0,8:41:05,4182,66704,0,0
135,1397/7/24 8:43:17,0,70006,149765,70006,70006,269255,8:42:54,525,70000,0,0,8:34:36,1059,70000,0,0,8:41:05,237,67000,0,0,8:41:05,4182,66704,0,0
136,1397/7/24 8:43:21,0,70006,149765,70006,70006,279255,8:42:54,525,70000,0,0,8:34:36,1059,70000,0,0,8:41:05,237,67000,0,0,8:41:05,4182,66704,0,0
137,1397/7/24 8:43:37,0,70006,149765,70006,70006,286804,8:42:54,525,70000,0,0,8:34:36,1059,70000,0,0,8:41:05,237,67000,0,0,8:41:05,4182,66704,0,0
138,1397/7/24 8:43:40,0,70006,142065,70006,70006,286804,8:42:54,525,70000,0,0,8:34:36,1059,70000,0,0,8:41:05,237,67000,0,0,8:41:05,4182,66704,0,0
139,1397/7/24 8:43:42,0,70006,142774,70006,70006,286804,8:42:54,525,70000,0,0,8:34:36,1059,70000,0,0,8:41:05,237,67000,0,0,8:41:05,4182,66704,0,0
140,1397/7/24 8:43:45,0,70006,140774,70006,70006,286804,8:42:54,525,70000,0,0,8:34:36,1059,70000,0,0,8:43:45,2000,69000,0,0,8:43:45,237,67000,0,0
141,1397/7/24 8:44:11,0,70006,140774,70006,70006,287304,8:42:54,525,70000,0,0,8:34:36,1059,70000,0,0,8:43:45,2000,69000,0,0,8:43:45,237,67000,0,0
142,1397/7/24 8:44:12,0,70006,135774,70006,70006,287304,8:42:54,525,70000,0,0,8:34:36,1059,70000,0,0,8:43:45,2000,69000,0,0,8:43:45,237,67000,0,0
143,1397/7/24 8:44:15,0,70006,135774,70006,70006,287953,8:42:54,525,70000,0,0,8:34:36,1059,70000,0,0,8:43:45,2000,69000,0,0,8:43:45,237,67000,0,0
144,1397/7/24 8:44:18,0,70006,133645,70006,70006,287953,8:42:54,525,70000,0,0,8:34:36,1059,70000,0,0,8:43:45,2000,69000,0,0,8:43:45,237,67000,0,0
145,1397/7/24 8:44:27,0,70006,133645,70006,70006,288027,8:42:54,525,70000,0,0,8:34:36,1059,70000,0,0,8:43:45,2000,69000,0,0,8:43:45,237,67000,0,0
146,1397/7/24 8:44:36,0,70006,133645,70006,70006,288127,8:42:54,525,70000,0,0,8:34:36,1059,70000,0,0,8:43:45,2000,69000,0,0,8:43:45,237,67000,0,0
147,1397/7/24 8:44:41,0,70006,133704,70006,70006,288127,8:42:54,525,70000,0,0,8:44:41,1000,70000,0,0,8:43:45,2000,69000,0,0,8:43:45,237,67000,0,0
148,1397/7/24 8:44:47,0,70006,133704,70006,70006,288207,8:42:54,525,70000,0,0,8:44:41,1000,70000,0,0,8:43:45,2000,69000,0,0,8:43:45,237,67000,0,0
149,1397/7/24 8:44:56,0,70006,133674,70006,70006,288207,8:42:54,525,70000,0,0,8:44:41,1000,70000,0,0,8:43:45,2000,69000,0,0,8:43:45,237,67000,0,0
150,1397/7/24 8:45:02,0,70006,133674,70006,70006,281636,8:42:54,525,70000,0,0,8:44:41,1000,70000,0,0,8:43:45,2000,69000,0,0,8:43:45,237,67000,0,0
151,1397/7/24 8:45:14,0,70006,133674,70006,70006,283334,8:42:54,525,70000,0,0,8:44:41,1000,70000,0,0,8:43:45,2000,69000,0,0,8:43:45,237,67000,0,0
152,1397/7/24 8:45:38,0,70006,134099,70006,70006,283334,8:42:54,525,70000,0,0,8:44:41,1000,70000,0,0,8:43:45,2000,69000,0,0,8:43:45,237,67000,0,0
153,1397/7/24 8:45:50,0,70006,134099,70006,70006,287500,8:42:54,525,70000,0,0,8:44:41,1000,70000,0,0,8:43:45,2000,69000,0,0,8:43:45,237,67000,0,0
154,1397/7/24 8:45:54,0,70006,134676,70006,70006,287500,8:42:54,525,70000,0,0,8:44:41,1000,70000,0,0,8:43:45,2000,69000,0,0,8:43:45,237,67000,0,0
155,1397/7/24 8:45:54,0,70006,134676,70006,70006,287500,8:42:54,525,70000,0,0,8:45:56,2000,70000,0,0,8:45:56,237,67000,0,0,8:45:56,4182,66704,0,0
156,1397/7/24 8:45:58,0,70006,134676,70006,70006,297500,8:42:54,525,70000,0,0,8:45:56,2000,70000,0,0,8:45:56,237,67000,0,0,8:45:56,4182,66704,0,0
157,1397/7/24 8:45:59,0,70006,134596,70006,70006,297500,8:42:54,525,70000,0,0,8:45:56,2000,70000,0,0,8:45:56,237,67000,0,0,8:45:56,4182,66704,0,0
158,1397/7/24 8:46:02,0,70006,135096,70006,70006,297500,8:42:54,525,70000,0,0,8:45:56,2000,70000,0,0,8:45:56,237,67000,0,0,8:45:56,4182,66704,0,0
159,1397/7/24 8:46:05,0,70006,135096,70006,70006,297530,8:42:54,525,70000,0,0,8:45:56,2000,70000,0,0,8:45:56,237,67000,0,0,8:45:56,4182,66704,0,0
160,1397/7/24 8:46:13,0,70006,135521,70006,70006,297530,8:42:54,525,70000,0,0,8:45:56,2000,70000,0,0,8:45:56,237,67000,0,0,8:45:56,4182,66704,0,0
161,1397/7/24 8:46:30,0,70006,135521,70006,70006,298530,8:42:54,525,70000,0,0,8:45:56,2000,70000,0,0,8:45:56,237,67000,0,0,8:45:56,4182,66704,0,0
162,1397/7/24 8:46:32,0,70006,135521,70006,70006,299530,8:42:54,525,70000,0,0,8:45:56,2000,70000,0,0,8:45:56,237,67000,0,0,8:45:56,4182,66704,0,0
163,1397/7/24 8:46:39,0,70006,135521,70006,70006,300000,8:42:54,525,70000,0,0,8:45:56,2000,70000,0,0,8:45:56,237,67000,0,0,8:45:56,4182,66704,0,0
164,1397/7/24 8:46:42,0,70006,135521,70006,70006,305000,8:42:54,525,70000,0,0,8:45:56,2000,70000,0,0,8:45:56,237,67000,0,0,8:45:56,4182,66704,0,0
165,1397/7/24 8:46:48,0,70006,135521,70006,70006,306000,8:42:54,525,70000,0,0,8:45:56,2000,70000,0,0,8:45:56,237,67000,0,0,8:45:56,4182,66704,0,0
166,1397/7/24 8:46:50,0,70006,135521,70006,70006,306155,8:42:54,525,70000,0,0,8:45:56,2000,70000,0,0,8:45:56,237,67000,0,0,8:45:56,4182,66704,0,0
167,1397/7/24 8:46:52,0,70006,134811,70006,70006,307155,8:42:54,525,70000,0,0,8:45:56,2000,70000,0,0,8:45:56,237,67000,0,0,8:45:56,4182,66704,0,0
168,1397/7/24 8:46:56,0,70006,134669,70006,70006,306155,8:42:54,525,70000,0,0,8:45:56,2000,70000,0,0,8:45:56,237,67000,0,0,8:45:56,4182,66704,0,0
169,1397/7/24 8:46:59,0,70006,134669,70006,70006,306311,8:42:54,525,70000,0,0,8:45:56,2000,70000,0,0,8:45:56,237,67000,0,0,8:45:56,4182,66704,0,0
170,1397/7/24 8:47:00,0,70006,127669,70006,70006,306311,8:42:54,525,70000,0,0,8:45:56,2000,70000,0,0,8:45:56,237,67000,0,0,8:45:56,4182,66704,0,0
171,1397/7/24 8:47:03,0,70006,127811,70006,70006,306311,8:42:54,525,70000,0,0,8:45:56,2000,70000,0,0,8:45:56,237,67000,0,0,8:45:56,4182,66704,0,0
172,1397/7/24 8:47:14,0,70006,127811,70006,70006,306231,8:42:54,525,70000,0,0,8:45:56,2000,70000,0,0,8:45:56,237,67000,0,0,8:45:56,4182,66704,0,0
173,1397/7/24 8:47:18,0,70006,127811,70006,70006,306853,8:42:54,525,70000,0,0,8:45:56,2000,70000,0,0,8:45:56,237,67000,0,0,8:45:56,4182,66704,0,0
174,1397/7/24 8:47:18,0,70006,127811,70006,70006,306853,8:42:54,525,70000,0,0,8:45:56,2000,70000,0,0,8:47:23,24,67000,0,0,8:45:56,4182,66704,0,0
175,1397/7/24 8:47:28,0,70006,127811,70006,70006,309837,8:42:54,525,70000,0,0,8:45:56,2000,70000,0,0,8:47:23,24,67000,0,0,8:45:56,4182,66704,0,0
176,1397/7/24 8:47:30,0,70006,127861,70006,70006,309837,8:42:54,525,70000,0,0,8:45:56,2000,70000,0,0,8:47:23,24,67000,0,0,8:45:56,4182,66704,0,0
177,1397/7/24 8:47:35,0,70006,127861,70006,70006,314837,8:42:54,525,70000,0,0,8:45:56,2000,70000,0,0,8:47:23,24,67000,0,0,8:47:35,4202,66704,0,0
178,1397/7/24 8:47:37,0,70006,127861,70006,70006,324837,8:42:54,525,70000,0,0,8:45:56,2000,70000,0,0,8:47:23,24,67000,0,0,8:47:35,4202,66704,0,0
179,1397/7/24 8:47:41,0,70006,127861,70006,70006,325017,8:42:54,525,70000,0,0,8:45:56,2000,70000,0,0,8:47:23,24,67000,0,0,8:47:35,4202,66704,0,0
180,1397/7/24 8:47:59,0,70006,128861,70006,70006,325017,8:42:54,525,70000,0,0,8:45:56,2000,70000,0,0,8:47:23,24,67000,0,0,8:47:35,4202,66704,0,0
181,1397/7/24 8:48:01,0,70006,128861,70006,70006,324995,8:42:54,525,70000,0,0,8:45:56,2000,70000,0,0,8:47:23,24,67000,0,0,8:47:35,4202,66704,0,0
182,1397/7/24 8:48:06,0,70006,128918,70006,70006,324995,8:42:54,525,70000,0,0,8:45:56,2000,70000,0,0,8:47:23,24,67000,0,0,8:47:35,4202,66704,0,0
183,1397/7/24 8:48:07,0,70006,128703,70006,70006,324995,8:42:54,525,70000,0,0,8:45:56,2000,70000,0,0,8:47:23,24,67000,0,0,8:47:35,4202,66704,0,0
184,1397/7/24 8:48:21,0,70006,128703,70006,70006,325120,8:42:54,525,70000,0,0,8:45:56,2000,70000,0,0,8:47:23,24,67000,0,0,8:47:35,4202,66704,0,0
185,1397/7/24 8:49:00,0,70006,128703,70006,70006,327120,8:42:54,525,70000,0,0,8:45:56,2000,70000,0,0,8:47:23,24,67000,0,0,8:47:35,4202,66704,0,0
186,1397/7/24 8:49:02,0,70006,128703,70006,70006,333141,8:42:54,525,70000,0,0,8:45:56,2000,70000,0,0,8:47:23,24,67000,0,0,8:47:35,4202,66704,0,0
187,1397/7/24 8:49:05,0,70006,128643,70006,70006,333158,8:42:54,525,70000,0,0,8:45:56,2000,70000,0,0,8:47:23,24,67000,0,0,8:47:35,4202,66704,0,0
188,1397/7/24 8:49:05,0,70006,128643,70006,70006,333158,8:42:54,525,70000,0,0,8:45:56,2000,70000,0,0,8:47:23,24,67000,0,0,8:49:17,74,66705,0,0
189,1397/7/24 8:49:19,0,70006,128218,70006,70006,333158,8:42:54,525,70000,0,0,8:45:56,2000,70000,0,0,8:47:23,24,67000,0,0,8:49:17,74,66705,0,0
190,1397/7/24 8:49:25,0,70006,138218,70006,70006,333158,8:42:54,525,70000,0,0,8:45:56,2000,70000,0,0,8:47:23,24,67000,0,0,8:49:17,74,66705,0,0
191,1397/7/24 8:49:37,0,70006,138218,70006,70006,335329,8:42:54,525,70000,0,0,8:45:56,2000,70000,0,0,8:47:23,24,67000,0,0,8:49:17,74,66705,0,0
192,1397/7/24 8:49:52,0,70006,108218,70006,70006,335329,8:42:54,525,70000,0,0,8:45:56,2000,70000,0,0,8:47:23,24,67000,0,0,8:49:17,74,66705,0,0
193,1397/7/24 8:49:53,0,70006,108218,70006,70006,338429,8:42:54,525,70000,0,0,8:45:56,2000,70000,0,0,8:47:23,24,67000,0,0,8:49:17,74,66705,0,0
194,1397/7/24 8:50:00,0,70006,107718,70006,70006,338429,8:42:54,525,70000,0,0,8:50:00,2500,70000,0,0,8:47:23,24,67000,0,0,8:49:17,74,66705,0,0
195,1397/7/24 8:50:01,0,70006,106718,70006,70006,338429,8:42:54,525,70000,0,0,8:50:00,2500,70000,0,0,8:47:23,24,67000,0,0,8:49:17,74,66705,0,0
196,1397/7/24 8:50:02,0,70006,106718,70006,70006,338859,8:42:54,525,70000,0,0,8:50:00,2500,70000,0,0,8:47:23,24,67000,0,0,8:49:17,74,66705,0,0
197,1397/7/24 8:50:04,0,70006,106718,70006,70006,341159,8:42:54,525,70000,0,0,8:50:00,2500,70000,0,0,8:47:23,24,67000,0,0,8:49:17,74,66705,0,0
198,1397/7/24 8:50:08,0,70006,106718,70006,70006,351159,8:42:54,525,70000,0,0,8:50:00,2500,70000,0,0,8:47:23,24,67000,0,0,8:49:17,74,66705,0,0
199,1397/7/24 8:50:17,0,70006,101218,70006,70006,351159,8:42:54,525,70000,0,0,8:50:00,2500,70000,0,0,8:47:23,24,67000,0,0,8:49:17,74,66705,0,0
200,1397/7/24 8:50:17,0,70006,101218,70006,70006,351159,8:42:54,525,70000,0,0,8:50:22,2000,70000,0,0,8:47:23,24,67000,0,0,8:50:22,574,66705,0,0
201,1397/7/24 8:50:31,0,70006,100218,70006,70006,351159,8:42:54,525,70000,0,0,8:50:22,2000,70000,0,0,8:47:23,24,67000,0,0,8:50:22,574,66705,0,0
202,1397/7/24 8:50:33,0,70006,100218,70006,70006,352159,8:42:54,525,70000,0,0,8:50:22,2000,70000,0,0,8:47:23,24,67000,0,0,8:50:22,574,66705,0,0
203,1397/7/24 8:50:36,0,70006,100360,70006,70006,352159,8:42:54,525,70000,0,0,8:50:22,2000,70000,0,0,8:47:23,24,67000,0,0,8:50:22,574,66705,0,0
204,1397/7/24 8:50:40,0,70006,104625,70006,70006,352159,8:42:54,525,70000,0,0,8:50:22,2000,70000,0,0,8:47:23,24,67000,0,0,8:50:22,574,66705,0,0
205,1397/7/24 8:50:41,0,70006,104483,70006,70006,352159,8:42:54,525,70000,0,0,8:50:22,2000,70000,0,0,8:47:23,24,67000,0,0,8:50:22,574,66705,0,0
206,1397/7/24 8:50:42,0,70006,104625,70006,70006,348159,8:42:54,525,70000,0,0,8:50:22,2000,70000,0,0,8:47:23,24,67000,0,0,8:50:22,574,66705,0,0
207,1397/7/24 8:50:46,0,70006,94625,70006,70006,348159,8:42:54,525,70000,0,0,8:50:22,2000,70000,0,0,8:47:23,24,67000,0,0,8:50:22,574,66705,0,0
208,1397/7/24 8:50:46,0,70006,94625,70006,70006,348159,8:42:54,525,70000,0,0,8:50:22,2000,70000,0,0,8:50:48,44,67000,0,0,8:50:22,574,66705,0,0
209,1397/7/24 8:50:50,0,70006,94767,70006,70006,348159,8:42:54,525,70000,0,0,8:50:22,2000,70000,0,0,8:50:48,44,67000,0,0,8:50:22,574,66705,0,0
210,1397/7/24 8:50:54,0,70006,94483,70006,70006,348159,8:42:54,525,70000,0,0,8:50:22,2000,70000,0,0,8:50:48,44,67000,0,0,8:50:22,574,66705,0,0
211,1397/7/24 8:51:02,0,70006,94983,70006,70006,348259,8:42:54,525,70000,0,0,8:50:22,2000,70000,0,0,8:50:48,44,67000,0,0,8:50:22,574,66705,0,0
212,1397/7/24 8:51:08,0,70006,94983,70006,70006,349059,8:42:54,525,70000,0,0,8:50:22,2000,70000,0,0,8:50:48,44,67000,0,0,8:50:22,574,66705,0,0
213,1397/7/24 8:51:11,0,70006,90718,70006,70006,349059,8:42:54,525,70000,0,0,8:50:22,2000,70000,0,0,8:50:48,44,67000,0,0,8:50:22,574,66705,0,0
214,1397/7/24 8:51:11,0,70006,90718,70006,70006,349059,8:51:22,545,70000,0,0,8:50:22,2000,70000,0,0,8:50:48,44,67000,0,0,8:50:22,574,66705,0,0
215,1397/7/24 8:51:27,0,70006,90718,70006,70006,349535,8:51:22,545,70000,0,0,8:50:22,2000,70000,0,0,8:50:48,44,67000,0,0,8:50:22,574,66705,0,0
216,1397/7/24 8:51:47,0,70006,90718,70006,70006,355035,8:51:22,545,70000,0,0,8:50:22,2000,70000,0,0,8:50:48,44,67000,0,0,8:50:22,574,66705,0,0
217,1397/7/24 8:51:51,0,70006,90718,70006,70006,355135,8:51:22,545,70000,0,0,8:50:22,2000,70000,0,0,8:50:48,44,67000,0,0,8:50:22,574,66705,0,0
218,1397/7/24 8:51:56,0,70006,90744,70006,70006,355135,8:51:22,545,70000,0,0,8:50:22,2000,70000,0,0,8:50:48,44,67000,0,0,8:50:22,574,66705,0,0
219,1397/7/24 8:52:05,0,70006,90744,70006,70006,355235,8:51:22,545,70000,0,0,8:50:22,2000,70000,0,0,8:50:48,44,67000,0,0,8:50:22,574,66705,0,0
220,1397/7/24 8:52:08,0,70006,90744,70006,70006,345135,8:51:22,545,70000,0,0,8:50:22,2000,70000,0,0,8:50:48,44,67000,0,0,8:50:22,574,66705,0,0
221,1397/7/24 8:52:09,0,70006,90602,70006,70006,345135,8:51:22,545,70000,0,0,8:50:22,2000,70000,0,0,8:50:48,44,67000,0,0,8:50:22,574,66705,0,0
222,1397/7/24 8:52:12,0,70006,90602,70006,70006,346135,8:51:22,545,70000,0,0,8:50:22,2000,70000,0,0,8:50:48,44,67000,0,0,8:50:22,574,66705,0,0
223,1397/7/24 8:52:37,0,70006,90602,70006,70006,346383,8:51:22,545,70000,0,0,8:50:22,2000,70000,0,0,8:50:48,44,67000,0,0,8:50:22,574,66705,0,0
224,1397/7/24 8:52:40,0,70006,90602,70006,70006,351383,8:51:22,545,70000,0,0,8:50:22,2000,70000,0,0,8:50:48,44,67000,0,0,8:50:22,574,66705,0,0
225,1397/7/24 8:52:46,0,70006,90572,70006,70006,351383,8:52:46,575,70000,0,0,8:50:22,2000,70000,0,0,8:50:48,44,67000,0,0,8:50:22,574,66705,0,0
226,1397/7/24 8:53:07,0,70006,90572,70006,70006,351883,8:52:46,575,70000,0,0,8:50:22,2000,70000,0,0,8:50:48,44,67000,0,0,8:50:22,574,66705,0,0
227,1397/7/24 8:53:09,0,70006,90572,70006,70006,352241,8:52:46,575,70000,0,0,8:50:22,2000,70000,0,0,8:53:09,192,67000,0,0,8:50:22,574,66705,0,0
228,1397/7/24 8:53:12,0,70006,91991,70006,70006,352241,8:52:46,575,70000,0,0,8:50:22,2000,70000,0,0,8:53:09,192,67000,0,0,8:50:22,574,66705,0,0
229,1397/7/24 8:53:13,0,70006,91991,70006,70006,352641,8:52:46,575,70000,0,0,8:50:22,2000,70000,0,0,8:53:09,192,67000,0,0,8:50:22,574,66705,0,0
230,1397/7/24 8:53:22,0,70006,92194,70006,70006,352641,8:52:46,575,70000,0,0,8:50:22,2000,70000,0,0,8:53:09,192,67000,0,0,8:50:22,574,66705,0,0
231,1397/7/24 8:53:24,0,70006,90394,70006,70006,352641,8:52:46,575,70000,0,0,8:50:22,2000,70000,0,0,8:53:09,192,67000,0,0,8:50:22,574,66705,0,0
232,1397/7/24 8:53:27,0,70006,90394,70006,70006,357140,8:52:46,575,70000,0,0,8:50:22,2000,70000,0,0,8:53:09,192,67000,0,0,8:50:22,574,66705,0,0
233,1397/7/24 8:53:30,0,70006,90419,70006,70006,357140,8:52:46,575,70000,0,0,8:50:22,2000,70000,0,0,8:53:09,192,67000,0,0,8:50:22,574,66705,0,0
234,1397/7/24 8:53:36,0,70006,90419,70006,70006,359287,8:52:46,575,70000,0,0,8:50:22,2000,70000,0,0,8:53:09,192,67000,0,0,8:50:22,574,66705,0,0
235,1397/7/24 8:53:39,0,70006,90419,70006,70006,361746,8:52:46,575,70000,0,0,8:50:22,2000,70000,0,0,8:53:09,192,67000,0,0,8:50:22,574,66705,0,0
236,1397/7/24 8:53:44,0,70006,88983,70006,70006,361746,8:52:46,575,70000,0,0,8:50:22,2000,70000,0,0,8:53:09,192,67000,0,0,8:50:22,574,66705,0,0
237,1397/7/24 8:53:48,0,70006,84718,70006,70006,361746,8:52:46,575,70000,0,0,8:50:22,2000,70000,0,0,8:53:09,192,67000,0,0,8:50:22,574,66705,0,0
238,1397/7/24 8:53:50,0,70006,84868,70006,70006,361746,8:52:46,575,70000,0,0,8:50:22,2000,70000,0,0,8:53:09,192,67000,0,0,8:50:22,574,66705,0,0
239,1397/7/24 8:53:50,0,70006,84868,70006,70006,361746,8:53:57,545,70000,0,0,8:53:57,30,70000,0,0,8:53:57,2000,69000,0,0,8:53:57,192,67000,0,0
240,1397/7/24 8:54:00,0,70006,84868,70006,70006,362046,8:53:57,545,70000,0,0,8:53:57,30,70000,0,0,8:53:57,2000,69000,0,0,8:53:57,192,67000,0,0
241,1397/7/24 8:54:01,0,70006,84568,70006,70006,362046,8:53:57,545,70000,0,0,8:53:57,30,70000,0,0,8:53:57,2000,69000,0,0,8:53:57,192,67000,0,0
242,1397/7/24 8:54:06,0,70006,84568,70006,70006,362126,8:53:57,545,70000,0,0,8:53:57,30,70000,0,0,8:53:57,2000,69000,0,0,8:53:57,192,67000,0,0
243,1397/7/24 8:54:22,0,70006,84568,70006,70006,362141,8:53:57,545,70000,0,0,8:53:57,30,70000,0,0,8:53:57,2000,69000,0,0,8:53:57,192,67000,0,0
244,1397/7/24 8:54:26,0,70006,83718,70006,70006,362141,8:53:57,545,70000,0,0,8:53:57,30,70000,0,0,8:53:57,2000,69000,0,0,8:53:57,192,67000,0,0
245,1397/7/24 8:54:28,0,70006,83718,70006,70006,374141,8:53:57,545,70000,0,0,8:53:57,30,70000,0,0,8:53:57,2000,69000,0,0,8:53:57,192,67000,0,0
246,1397/7/24 8:54:33,0,70006,83718,70006,70006,375635,8:53:57,545,70000,0,0,8:53:57,30,70000,0,0,8:53:57,2000,69000,0,0,8:53:57,192,67000,0,0
247,1397/7/24 8:54:38,0,70006,83718,70006,70006,375935,8:53:57,545,70000,0,0,8:53:57,30,70000,0,0,8:53:57,2000,69000,0,0,8:53:57,192,67000,0,0
248,1397/7/24 8:54:43,0,70006,83718,70006,70006,376935,8:53:57,545,70000,0,0,8:53:57,30,70000,0,0,8:53:57,2000,69000,0,0,8:53:57,192,67000,0,0
249,1397/7/24 8:54:46,0,70006,83647,70006,70006,376935,8:53:57,545,70000,0,0,8:53:57,30,70000,0,0,8:53:57,2000,69000,0,0,8:53:57,192,67000,0,0
250,1397/7/24 8:54:50,0,70006,83248,70006,70006,376935,8:53:57,545,70000,0,0,8:53:57,30,70000,0,0,8:53:57,2000,69000,0,0,8:53:57,192,67000,0,0
251,1397/7/24 8:54:51,0,70006,84248,70006,70006,378985,8:53:57,545,70000,0,0,8:53:57,30,70000,0,0,8:53:57,2000,69000,0,0,8:53:57,192,67000,0,0
252,1397/7/24 8:54:52,0,70006,84248,70006,70006,379985,8:53:57,545,70000,0,0,8:53:57,30,70000,0,0,8:53:57,2000,69000,0,0,8:53:57,192,67000,0,0
253,1397/7/24 8:54:58,0,70006,84248,70006,70006,380535,8:53:57,545,70000,0,0,8:53:57,30,70000,0,0,8:53:57,2000,69000,0,0,8:53:57,192,67000,0,0
254,1397/7/24 8:55:01,0,70006,84248,70006,70006,380823,8:53:57,545,70000,0,0,8:53:57,30,70000,0,0,8:53:57,2000,69000,0,0,8:53:57,192,67000,0,0
255,1397/7/24 8:55:13,0,70006,82829,70006,70006,380823,8:53:57,545,70000,0,0,8:53:57,30,70000,0,0,8:53:57,2000,69000,0,0,8:53:57,192,67000,0,0
256,1397/7/24 8:55:15,0,70006,82770,70006,70006,380823,8:53:57,545,70000,0,0,8:53:57,30,70000,0,0,8:53:57,2000,69000,0,0,8:55:15,255,67000,0,0
257,1397/7/24 8:55:18,0,70006,82770,70006,70006,386604,8:53:57,545,70000,0,0,8:53:57,30,70000,0,0,8:53:57,2000,69000,0,0,8:55:15,255,67000,0,0
258,1397/7/24 8:55:19,0,70006,82745,70006,70006,386604,8:53:57,545,70000,0,0,8:53:57,30,70000,0,0,8:53:57,2000,69000,0,0,8:55:15,255,67000,0,0
259,1397/7/24 8:55:20,0,70006,82745,70006,70006,386684,8:53:57,545,70000,0,0,8:53:57,30,70000,0,0,8:53:57,2000,69000,0,0,8:55:15,255,67000,0,0
260,1397/7/24 8:55:23,0,70006,82745,70006,70006,386763,8:53:57,545,70000,0,0,8:53:57,30,70000,0,0,8:53:57,2000,69000,0,0,8:55:15,255,67000,0,0
261,1397/7/24 8:55:27,0,70006,82772,70006,70006,387543,8:53:57,545,70000,0,0,8:53:57,30,70000,0,0,8:53:57,2000,69000,0,0,8:55:15,255,67000,0,0
262,1397/7/24 8:55:29,0,70005,82772,70005,70005,64239,8:55:29,545,70000,70006,324304,8:53:57,30,70000,0,0,8:53:57,2000,69000,0,0,8:55:15,255,67000,0,0
263,1397/7/24 8:55:39,0,70005,82746,70005,70005,64239,8:55:29,545,70000,70006,324304,8:53:57,30,70000,0,0,8:53:57,2000,69000,0,0,8:55:15,255,67000,0,0
264,1397/7/24 8:55:43,0,70005,82796,70005,70005,64239,8:55:29,545,70000,70006,324304,8:53:57,30,70000,0,0,8:53:57,2000,69000,0,0,8:55:15,255,67000,0,0
265,1397/7/24 8:55:45,0,70005,82796,70005,70005,65937,8:55:45,545,70000,70006,322606,8:53:57,30,70000,0,0,8:53:57,2000,69000,0,0,8:55:15,255,67000,0,0
266,1397/7/24 8:55:46,0,70005,82731,70005,70005,65937,8:55:45,545,70000,70006,322606,8:53:57,30,70000,0,0,8:53:57,2000,69000,0,0,8:55:46,320,67000,0,0
267,1397/7/24 8:55:54,0,70005,82731,70005,70005,70937,8:55:45,545,70000,70006,322606,8:53:57,30,70000,0,0,8:53:57,2000,69000,0,0,8:55:46,320,67000,0,0
268,1397/7/24 8:55:54,0,70005,82731,70005,70005,70937,8:55:58,545,70000,70006,324606,8:53:57,30,70000,0,0,8:53:57,2000,69000,0,0,8:55:46,320,67000,0,0
269,1397/7/24 8:56:06,0,70005,81011,70005,70005,70937,8:55:58,545,70000,70006,324606,8:53:57,30,70000,0,0,8:53:57,2000,69000,0,0,8:55:46,320,67000,0,0
270,1397/7/24 8:56:12,0,70000,81556,70000,70000,62991,8:56:12,30,69500,70005,11946,8:56:12,2000,69500,70006,324606,8:56:12,320,67000,0,0,8:56:12,574,66705,0,0
271,1397/7/24 8:56:18,0,69999,80006,69999,69999,53369,8:56:18,30,69500,70000,10622,8:56:18,2000,69500,70005,51946,8:56:18,320,67000,70006,284606,8:56:12,574,66705,0,0
272,1397/7/24 8:56:18,0,69999,80006,69999,69999,53369,8:56:21,30,69500,70000,10672,8:56:18,2000,69500,70005,51946,8:56:18,320,67000,70006,284606,8:56:12,574,66705,0,0
273,1397/7/24 8:56:27,0,69999,80006,69999,69999,54369,8:56:21,30,69500,70000,10672,8:56:18,2000,69500,70005,51946,8:56:18,320,67000,70006,284606,8:56:12,574,66705,0,0
274,1397/7/24 8:56:28,0,69999,78513,69999,69999,54369,8:56:21,30,69500,70000,10672,8:56:18,2000,69500,70005,51946,8:56:18,320,67000,70006,284606,8:56:12,574,66705,0,0
275,1397/7/24 8:56:30,0,69999,78484,69999,69999,54369,8:56:21,30,69500,70000,10672,8:56:18,2000,69500,70005,51946,8:56:18,320,67000,70006,284606,8:56:12,574,66705,0,0
276,1397/7/24 8:56:34,0,69999,78484,69999,69999,55369,8:56:34,30,69500,70000,9672,8:56:18,2000,69500,70005,51946,8:56:18,320,67000,70006,284606,8:56:12,574,66705,0,0
277,1397/7/24 8:56:39,0,69999,78484,69999,69999,56160,8:56:39,30,69500,70000,10672,8:56:18,2000,69500,70005,51946,8:56:39,320,67000,70006,283815,8:56:12,574,66705,0,0
278,1397/7/24 8:56:41,0,69999,78484,69999,69999,59260,8:56:39,30,69500,70000,10672,8:56:18,2000,69500,70005,51946,8:56:41,320,67000,70006,280715,8:56:12,574,66705,0,0
279,1397/7/24 8:56:41,0,69999,78484,69999,69999,59260,8:56:43,30,69500,70000,10822,8:56:18,2000,69500,70005,51946,8:56:41,320,67000,70006,280715,8:56:12,574,66705,0,0
280,1397/7/24 8:56:46,0,69999,78484,69999,69999,59760,8:56:43,30,69500,70000,10822,8:56:18,2000,69500,70005,51946,8:56:46,320,67000,70006,280215,8:56:12,574,66705,0,0
281,1397/7/24 8:56:46,0,69999,78484,69999,69999,59760,8:56:49,30,69500,70000,10922,8:56:18,2000,69500,70005,51946,8:56:46,320,67000,70006,280215,8:56:12,574,66705,0,0
282,1397/7/24 8:56:55,0,69999,78584,69999,69999,59760,8:56:49,30,69500,70000,10922,8:56:18,2000,69500,70005,51946,8:56:46,320,67000,70006,280215,8:56:12,574,66705,0,0
283,1397/7/24 8:56:56,0,69999,78584,69999,69999,60087,8:56:56,30,69500,70000,10595,8:56:18,2000,69500,70005,51946,8:56:46,320,67000,70006,280215,8:56:12,574,66705,0,0
284,1397/7/24 8:57:05,0,69999,78584,69999,69999,60243,8:56:56,30,69500,70000,10595,8:56:18,2000,69500,70005,51946,8:57:05,320,67000,70006,280059,8:56:12,574,66705,0,0
285,1397/7/24 8:57:05,0,69999,78584,69999,69999,60243,8:56:56,30,69500,70000,10595,8:56:18,2000,69500,70005,51946,8:57:06,320,67000,70006,277912,8:56:12,574,66705,0,0
286,1397/7/24 8:57:12,0,69999,78384,69999,69999,60243,8:56:56,30,69500,70000,10595,8:56:18,2000,69500,70005,51946,8:57:06,320,67000,70006,277912,8:56:12,574,66705,0,0
287,1397/7/24 8:57:16,0,69999,78384,69999,69999,62243,8:56:56,30,69500,70000,10595,8:56:18,2000,69500,70005,51946,8:57:16,320,67000,70006,275912,8:56:12,574,66705,0,0
288,1397/7/24 8:57:16,0,69999,78384,69999,69999,62243,8:56:56,30,69500,70000,10595,8:57:18,2000,69500,70005,52071,8:57:18,320,67000,70006,275787,8:56:12,574,66705,0,0
289,1397/7/24 8:57:20,0,69999,78384,69999,69999,63287,8:57:20,30,69500,70000,9551,8:57:18,2000,69500,70005,52071,8:57:18,320,67000,70006,275787,8:56:12,574,66705,0,0
290,1397/7/24 8:57:20,0,69999,78384,69999,69999,63287,8:57:20,30,69500,70000,9551,8:57:18,2000,69500,70005,52071,8:57:21,320,67000,70006,276287,8:56:12,574,66705,0,0
291,1397/7/24 8:57:25,0,69999,78414,69999,69999,63287,8:57:25,2000,69000,70000,9551,8:57:25,320,69000,70005,52071,8:57:25,574,66705,70006,276287,8:57:25,2692,66704,0,0
292,1397/7/24 8:57:25,0,69999,78414,69999,69999,63287,8:57:25,2000,69000,70000,9551,8:57:26,542,69000,70005,52071,8:57:25,574,66705,70006,276287,8:57:25,2692,66704,0,0
293,1397/7/24 8:57:25,0,69999,78414,69999,69999,63287,8:57:25,2000,69000,70000,9551,8:57:26,542,69000,70005,52071,8:57:31,574,66705,70006,276857,8:57:25,2692,66704,0,0
294,1397/7/24 8:57:25,0,69999,78414,69999,69999,63287,8:57:33,2000,69000,70000,9051,8:57:26,542,69000,70005,52071,8:57:31,574,66705,70006,276857,8:57:25,2692,66704,0,0
295,1397/7/24 8:57:34,0,69999,76069,69999,69999,63387,8:57:33,2000,69000,70000,9051,8:57:34,2992,69000,70005,52071,8:57:31,574,66705,70006,276857,8:57:25,2692,66704,0,0
296,1397/7/24 8:57:34,0,69999,76069,69999,69999,63387,8:57:40,500,69400,70000,9051,8:57:40,2000,69400,70005,52071,8:57:40,2992,67000,70006,276857,8:57:40,574,66705,0,0
297,1397/7/24 8:57:34,0,69999,76069,69999,69999,63387,8:57:40,500,69400,70000,9051,8:57:40,2000,69400,70005,52071,8:57:41,2992,67000,70006,286857,8:57:40,574,66705,0,0
298,1397/7/24 8:57:45,0,69999,76069,69999,69999,63461,8:57:40,500,69400,70000,9051,8:57:40,2000,69400,70005,52071,8:57:45,2992,67000,70006,286783,8:57:40,574,66705,0,0
299,1397/7/24 8:57:48,0,69999,76069,69999,69999,65961,8:57:48,500,69400,70000,6551,8:57:40,2000,69400,70005,52071,8:57:45,2992,67000,70006,286783,8:57:40,574,66705,0,0
300,1397/7/24 8:57:48,0,69999,76069,69999,69999,65961,8:57:48,500,69400,70000,6551,8:57:40,2000,69400,70005,52071,8:57:57,3008,67000,70006,286783,8:57:40,574,66705,0,0
301,1397/7/24 8:58:00,0,69999,76069,69999,69999,73510,8:57:48,500,69400,70000,6551,8:57:40,2000,69400,70005,52071,8:58:00,3008,67000,70006,279234,8:57:40,574,66705,0,0
302,1397/7/24 8:58:00,0,69999,76069,69999,69999,73510,8:57:48,500,69400,70000,6551,8:57:40,2000,69400,70005,52071,8:58:00,3008,67000,70006,279234,8:58:03,674,66705,0,0
303,1397/7/24 8:58:09,0,69999,76650,69999,69999,73510,8:57:48,500,69400,70000,6551,8:57:40,2000,69400,70005,52071,8:58:00,3008,67000,70006,279234,8:58:03,674,66705,0,0
304,1397/7/24 8:58:09,0,69999,76650,69999,69999,73510,8:57:48,500,69400,70000,6551,8:57:40,2000,69400,70005,52071,8:58:10,3008,67000,70006,280234,8:58:03,674,66705,0,0
305,1397/7/24 8:58:11,0,69999,76650,69999,69999,74438,8:57:48,500,69400,70000,6551,8:57:40,2000,69400,70005,52071,8:58:10,3008,67000,70006,280234,8:58:03,674,66705,0,0
306,1397/7/24 8:58:12,0,69999,76600,69999,69999,74438,8:57:48,500,69400,70000,6551,8:57:40,2000,69400,70005,52071,8:58:12,50,68000,70006,280234,8:58:12,3008,67000,0,0
307,1397/7/24 8:58:12,0,69999,76600,69999,69999,74438,8:58:19,700,69400,70000,6551,8:57:40,2000,69400,70005,52071,8:58:12,50,68000,70006,280234,8:58:12,3008,67000,0,0
308,1397/7/24 8:58:20,0,69999,92787,69999,69999,74438,8:58:19,700,69400,70000,6551,8:57:40,2000,69400,70005,52071,8:58:12,50,68000,70006,280234,8:58:12,3008,67000,0,0
309,1397/7/24 8:58:25,0,69999,86600,69999,69999,126585,8:58:19,700,69400,70000,6551,8:57:40,2000,69400,70005,52071,8:58:25,50,68000,70006,230234,8:58:12,3008,67000,0,0
310,1397/7/24 8:58:26,0,69999,86500,69999,69999,126585,8:58:19,700,69400,70000,6551,8:57:40,2000,69400,70005,52071,8:58:25,50,68000,70006,230234,8:58:12,3008,67000,0,0
311,1397/7/24 8:58:27,0,69999,86500,69999,69999,127385,8:58:19,700,69400,70000,6551,8:57:40,2000,69400,70005,52071,8:58:27,50,68000,70006,229434,8:58:12,3008,67000,0,0
312,1397/7/24 8:58:28,0,69999,85574,69999,69999,127385,8:58:19,700,69400,70000,6551,8:57:40,2000,69400,70005,52071,8:58:27,50,68000,70006,229434,8:58:12,3008,67000,0,0
313,1397/7/24 8:58:29,0,69999,84374,69999,69999,127385,8:58:19,700,69400,70000,6551,8:57:40,2000,69400,70005,52071,8:58:27,50,68000,70006,229434,8:58:12,3008,67000,0,0
314,1397/7/24 8:58:30,0,69999,84374,69999,69999,126385,8:58:19,700,69400,70000,6551,8:57:40,2000,69400,70005,52071,8:58:27,50,68000,70006,229434,8:58:12,3008,67000,0,0
315,1397/7/24 8:58:33,0,69999,84374,69999,69999,131385,8:58:19,700,69400,70000,6551,8:58:33,2000,69400,70005,47071,8:58:27,50,68000,70006,229434,8:58:12,3008,67000,0,0
316,1397/7/24 8:58:33,0,69999,84374,69999,69999,131385,8:58:41,1700,69400,70000,6551,8:58:33,2000,69400,70005,47071,8:58:27,50,68000,70006,229434,8:58:12,3008,67000,0,0
317,1397/7/24 8:58:43,0,69999,84344,69999,69999,131385,8:58:43,30,69500,70000,6551,8:58:43,1700,69500,70005,47071,8:58:43,2000,69000,70006,229434,8:58:43,50,68000,0,0
318,1397/7/24 8:58:45,0,69999,83594,69999,69999,131385,8:58:45,780,69500,70000,6551,8:58:43,1700,69500,70005,47071,8:58:43,2000,69000,70006,229434,8:58:43,50,68000,0,0
319,1397/7/24 8:58:47,0,69999,83594,69999,69999,141385,8:58:45,780,69500,70000,6551,8:58:43,1700,69500,70005,47071,8:58:47,2000,69000,70006,219434,8:58:43,50,68000,0,0
320,1397/7/24 8:58:49,0,69999,83594,69999,69999,127335,8:58:45,780,69500,70000,6551,8:58:43,1700,69500,70005,47071,8:58:47,2000,69000,70006,219434,8:58:43,50,68000,0,0
321,1397/7/24 8:58:51,0,69999,83594,69999,69999,129033,8:58:45,780,69500,70000,6551,8:58:51,1700,69500,70005,45373,8:58:47,2000,69000,70006,219434,8:58:43,50,68000,0,0
322,1397/7/24 8:58:56,0,69999,83594,69999,69999,130033,8:58:45,780,69500,70000,6551,8:58:51,1700,69500,70005,45373,8:58:47,2000,69000,70006,219434,8:58:43,50,68000,0,0
323,1397/7/24 8:58:58,0,69980,73594,69980,69980,49491,8:58:58,780,69500,69991,1000,8:58:58,1700,69500,69998,1698,8:58:58,2000,69000,69999,77844,8:58:58,50,68000,70000,6551
324,1397/7/24 8:58:58,0,69980,73594,69980,69980,49491,8:58:58,780,69500,69991,1000,8:58:58,1700,69500,69998,1698,8:59:01,2061,69000,69999,77844,8:58:58,50,68000,70000,6551
325,1397/7/24 8:58:58,0,69980,73594,69980,69980,49491,8:59:02,750,69500,69991,1000,8:58:58,1700,69500,69998,1698,8:59:01,2061,69000,69999,77844,8:58:58,50,68000,70000,6551
326,1397/7/24 8:59:04,0,69980,72893,69980,69980,49491,8:59:04,1451,69500,69991,1000,8:58:58,1700,69500,69998,1698,8:59:01,2061,69000,69999,77844,8:58:58,50,68000,70000,6551
327,1397/7/24 8:59:06,0,69980,72893,69980,69980,49535,8:59:04,1451,69500,69991,1000,8:58:58,1700,69500,69998,1698,8:59:01,2061,69000,69999,77844,8:58:58,50,68000,70000,6551
328,1397/7/24 8:59:07,0,69980,72793,69980,69980,49535,8:59:04,1451,69500,69991,1000,8:58:58,1700,69500,69998,1698,8:59:01,2061,69000,69999,77844,8:58:58,50,68000,70000,6551
329,1397/7/24 8:59:07,0,69980,72793,69980,69980,49535,8:59:04,1451,69500,69991,1000,8:58:58,1700,69500,69998,1698,8:59:01,2061,69000,69999,77844,8:59:08,50,68000,70000,9551
330,1397/7/24 8:59:07,0,69980,72793,69980,69980,49535,8:59:04,1451,69500,69991,1000,8:58:58,1700,69500,69998,1698,8:59:09,2061,69000,69999,75697,8:59:08,50,68000,70000,9551
331,1397/7/24 8:59:10,0,69980,72779,69980,69980,49535,8:59:04,1451,69500,69991,1000,8:58:58,1700,69500,69998,1698,8:59:09,2061,69000,69999,75697,8:59:08,50,68000,70000,9551
332,1397/7/24 8:59:11,0,69980,72779,69980,69980,57084,8:59:04,1451,69500,69991,1000,8:58:58,1700,69500,69998,1698,8:59:11,2061,69000,69999,68148,8:59:08,50,68000,70000,9551
333,1397/7/24 8:59:12,0,69980,72779,69980,69980,57158,8:59:04,1451,69500,69991,1000,8:58:58,1700,69500,69998,1698,8:59:12,2061,69000,69999,68074,8:59:08,50,68000,70000,9551
334,1397/7/24 8:59:13,0,69980,72779,69980,69980,57485,8:59:04,1451,69500,69991,1000,8:58:58,1700,69500,69998,1698,8:59:13,2061,69000,69999,67747,8:59:08,50,68000,70000,9551
335,1397/7/24 8:59:14,0,69980,72779,69980,69980,57685,8:59:04,1451,69500,69991,1000,8:58:58,1700,69500,69998,1698,8:59:13,2061,69000,69999,67747,8:59:08,50,68000,70000,9551
336,1397/7/24 8:59:17,0,69980,72779,69980,69980,59383,8:59:04,1451,69500,69991,1000,8:59:17,1700,69500,69999,67747,8:59:17,2061,69000,70000,9551,8:59:17,50,68000,70005,45373
337,1397/7/24 8:59:18,0,69980,72198,69980,69980,62483,8:59:04,1451,69500,69991,1000,8:59:18,1700,69500,69999,64647,8:59:17,2061,69000,70000,9551,8:59:17,50,68000,70005,45373
338,1397/7/24 8:59:21,0,69980,72198,69980,69980,63274,8:59:04,1451,69500,69991,1000,8:59:21,1700,69500,69999,63856,8:59:17,2061,69000,70000,9551,8:59:17,50,68000,70005,45373
339,1397/7/24 8:59:27,0,69980,72198,69980,69980,65421,8:59:04,1451,69500,69991,1000,8:59:21,1700,69500,69999,63856,8:59:17,2061,69000,70000,9551,8:59:17,50,68000,70005,45373
340,1397/7/24 8:59:29,0,69980,72198,69980,69980,70521,8:59:04,1451,69500,69991,1000,8:59:29,1700,69500,69999,63756,8:59:17,2061,69000,70000,9551,8:59:17,50,68000,70005,45373
341,1397/7/24 8:59:30,0,69980,72198,69980,69980,71321,8:59:04,1451,69500,69991,1000,8:59:30,1700,69500,69999,62956,8:59:17,2061,69000,70000,9551,8:59:17,50,68000,70005,45373
342,1397/7/24 8:59:34,0,69980,72218,69980,69980,71321,8:59:04,1451,69500,69991,1000,8:59:30,1700,69500,69999,62956,8:59:17,2061,69000,70000,9551,8:59:17,50,68000,70005,45373
343,1397/7/24 8:59:34,0,69980,72218,69980,69980,71321,8:59:04,1451,69500,69991,1000,8:59:30,1700,69500,69999,62956,8:59:17,2061,69000,70000,9551,8:59:35,75,68000,70005,45373
344,1397/7/24 8:59:38,0,69980,72218,69980,69980,72321,8:59:04,1451,69500,69991,1000,8:59:30,1700,69500,69999,62956,8:59:17,2061,69000,70000,9551,8:59:35,75,68000,70005,45373
345,1397/7/24 8:59:39,0,69980,72218,69980,69980,74321,8:59:04,1451,69500,69991,1000,8:59:30,1700,69500,69999,62956,8:59:17,2061,69000,70000,9551,8:59:35,75,68000,70005,45373
346,1397/7/24 8:59:42,0,69980,72218,69980,69980,97305,8:59:04,1451,69500,69991,1000,8:59:30,1700,69500,69999,62956,8:59:17,2061,69000,70000,9551,8:59:35,75,68000,70005,45373
347,1397/7/24 8:59:43,0,69980,72218,69980,69980,98305,8:59:43,1451,69500,69999,62956,8:59:43,1700,69500,70000,9551,8:59:43,2061,69000,70005,45373,8:59:43,75,68000,70006,190450
348,1397/7/24 8:59:46,0,69980,72218,69980,69980,98805,8:59:43,1451,69500,69999,62956,8:59:43,1700,69500,70000,9551,8:59:43,2061,69000,70005,45373,8:59:43,75,68000,70006,190450
349,1397/7/24 8:59:48,0,69980,72218,69980,69980,98961,8:59:48,1451,69500,69999,62800,8:59:43,1700,69500,70000,9551,8:59:43,2061,69000,70005,45373,8:59:43,75,68000,70006,190450
350,1397/7/24 8:59:49,0,69980,72218,69980,69980,99961,8:59:48,1451,69500,69999,62800,8:59:49,1700,69500,70000,8551,8:59:43,2061,69000,70005,45373,8:59:43,75,68000,70006,190450
351,1397/7/24 8:59:49,0,69980,72218,69980,69980,99961,8:59:51,701,69500,69999,62800,8:59:49,1700,69500,70000,8551,8:59:43,2061,69000,70005,45373,8:59:43,75,68000,70006,190450
352,1397/7/24 8:59:49,0,69980,72218,69980,69980,99961,8:59:51,701,69500,69999,62800,8:59:49,1700,69500,70000,8551,8:59:43,2061,69000,70005,45373,8:59:53,75,68000,70006,190550
353,1397/7/24 8:59:49,0,69980,72218,69980,69980,99961,8:59:51,701,69500,69999,62800,8:59:55,1771,69500,70000,8551,8:59:43,2061,69000,70005,45373,8:59:53,75,68000,70006,190550
354,1397/7/24 8:59:57,0,69970,72218,69970,69970,45335,8:59:57,701,69500,69980,56226,8:59:57,1771,69500,69999,62800,8:59:57,2061,69000,70000,8551,8:59:57,75,68000,70005,45373
355,1397/7/24 8:59:57,0,69970,72218,69970,69970,45335,9:00:00,701,69500,69972,476,9:00:00,1771,69500,69980,56226,9:00:00,2061,69000,69999,62800,9:00:00,75,68000,70000,8551
356,1397/7/24 9:00:02,0,69970,72218,69970,69970,47006,9:00:00,701,69500,69972,476,9:00:02,1771,69500,69980,60226,9:00:00,2061,69000,69999,62800,9:00:02,75,68000,70000,6880
357,1397/7/24 9:00:05,0,69970,72218,69970,69970,47333,9:00:00,701,69500,69972,476,9:00:05,1771,69500,69980,59899,9:00:00,2061,69000,69999,62800,9:00:02,75,68000,70000,6880
358,1397/7/24 9:00:05,0,69970,72218,69970,69970,47333,9:00:00,701,69500,69972,476,9:00:06,1771,69500,69980,58899,9:00:00,2061,69000,69999,62800,9:00:02,75,68000,70000,6880
359,1397/7/24 9:00:07,0,69970,72218,69970,69970,54882,9:00:00,701,69500,69972,476,9:00:07,1771,69500,69980,51350,9:00:00,2061,69000,69999,62800,9:00:02,75,68000,70000,6880
360,1397/7/24 9:00:08,0,69969,72218,69969,69969,64335,9:00:08,701,69500,69970,10547,9:00:08,1771,69500,69972,476,9:00:08,2061,69000,69980,51350,9:00:08,75,68000,69999,62800
361,1397/7/24 9:00:08,0,69969,72218,69969,69969,64335,9:00:10,701,69500,69970,10597,9:00:08,1771,69500,69972,476,9:00:08,2061,69000,69980,51350,9:00:08,75,68000,69999,62800
362,1397/7/24 9:00:11,0,69950,72309,69950,69950,47335,9:00:11,701,69500,69969,20000,9:00:11,1771,69500,69970,10597,9:00:11,2061,69000,69972,476,9:00:11,75,68000,69980,51350
363,1397/7/24 9:01:04,450,69725,701,69500,69950,2005,9:01:04,1771,69400,69969,20000,9:01:04,2061,69400,69970,10597,9:01:04,75,68000,69972,476,9:01:04,1400,67505,69980,51350
364,1397/7/24 9:01:19,450,69725,701,69500,69950,2758,9:01:04,1771,69400,69969,20000,9:01:19,2061,69400,69970,10270,9:01:19,25,68000,69980,51350,9:01:19,1400,67505,69999,62800
365,1397/7/24 9:01:30,450,69725,701,69500,69950,6758,9:01:04,1771,69400,69969,20000,9:01:19,2061,69400,69970,10270,9:01:30,25,68000,69980,47350,9:01:19,1400,67505,69999,62800
366,1397/7/24 9:01:31,450,69725,701,69500,69950,7558,9:01:04,1771,69400,69969,20000,9:01:19,2061,69400,69970,10270,9:01:31,25,68000,69980,46550,9:01:19,1400,67505,69999,62800
367,1397/7/24 9:01:34,450,69725,401,69500,69950,5851,9:01:04,1771,69400,69969,20000,9:01:19,2061,69400,69970,10270,9:01:31,25,68000,69980,46550,9:01:19,1400,67505,69999,62800
368,1397/7/24 9:01:35,450,69725,401,69500,69950,13400,9:01:04,1771,69400,69969,20000,9:01:35,2061,69400,69970,2721,9:01:31,25,68000,69980,46550,9:01:19,1400,67505,69999,62800
369,1397/7/24 9:01:35,450,69725,401,69500,69950,13400,9:01:43,1771,69400,69970,2721,9:01:43,2061,69400,69980,46550,9:01:43,25,68000,69999,62800,9:01:43,1400,67505,70000,6930
370,1397/7/24 9:01:44,450,69725,359,69500,69950,13400,9:01:43,1771,69400,69970,2721,9:01:43,2061,69400,69980,46550,9:01:43,25,68000,69999,62800,9:01:43,1400,67505,70000,6930
371,1397/7/24 9:01:45,450,69725,111,69500,69950,13152,9:01:43,1771,69400,69970,2721,9:01:43,2061,69400,69980,46550,9:01:43,25,68000,69999,62800,9:01:43,1400,67505,70000,6930
372,1397/7/24 9:01:45,450,69725,111,69500,69950,13152,9:01:46,1771,69400,69968,1000,9:01:46,2061,69400,69970,2721,9:01:46,25,68000,69980,46550,9:01:46,1400,67505,69999,62800
373,1397/7/24 9:01:52,450,69725,35,69500,69950,13152,9:01:46,1771,69400,69968,1000,9:01:46,2061,69400,69970,2721,9:01:46,25,68000,69980,46550,9:01:46,1400,67505,69999,62800
374,1397/7/24 9:01:54,450,69725,5,69500,69950,13152,9:01:46,1771,69400,69968,1000,9:01:46,2061,69400,69970,2721,9:01:46,25,68000,69980,46550,9:01:46,1400,67505,69999,62800
375,1397/7/24 9:01:54,450,69725,5,69500,69950,13152,9:01:46,1771,69400,69968,1000,9:01:46,2061,69400,69970,2721,9:01:55,25,68000,69980,44403,9:01:46,1400,67505,69999,62800
376,1397/7/24 9:01:56,450,69725,5,69500,69950,13452,9:01:46,1771,69400,69968,1000,9:01:46,2061,69400,69970,2721,9:01:55,25,68000,69980,44403,9:01:46,1400,67505,69999,62800
377,1397/7/24 9:01:58,450,69725,148,69500,69950,13452,9:01:46,1771,69400,69968,1000,9:01:46,2061,69400,69970,2721,9:01:55,25,68000,69980,44403,9:01:46,1400,67505,69999,62800
378,1397/7/24 9:01:59,450,69725,148,69500,69950,33452,9:01:46,1771,69400,69968,1000,9:01:46,2061,69400,69970,2721,9:01:59,25,68000,69980,24403,9:01:46,1400,67505,69999,62800
379,1397/7/24 9:01:59,450,69725,148,69500,69950,33452,9:01:46,1771,69400,69968,1000,9:01:46,2061,69400,69970,2721,9:02:00,29130,68339,69980,24403,9:02:00,25,68000,69999,62800
380,1397/7/24 9:02:03,449,69724,148,69500,69949,5000,9:02:03,1771,69400,69950,33452,9:02:03,2061,69400,69968,1000,9:02:03,29130,68339,69970,2721,9:02:03,25,68000,69980,24403
381,1397/7/24 9:02:05,100,69450,1771,69400,69500,140,9:02:05,2061,69000,69949,5000,9:02:05,29130,69000,69950,33452,9:02:05,25,68000,69968,1000,9:02:05,1400,67505,69970,2721
382,1397/7/24 9:02:09,100,69450,1771,69400,69500,440,9:02:05,2061,69000,69949,5000,9:02:05,29130,69000,69950,33452,9:02:05,25,68000,69968,1000,9:02:05,1400,67505,69970,2721
383,1397/7/24 9:02:14,100,69450,1771,69400,69500,340,9:02:05,2061,69000,69949,5000,9:02:05,29130,69000,69950,33452,9:02:05,25,68000,69968,1000,9:02:05,1400,67505,69970,2721
384,1397/7/24 9:02:16,100,69450,1271,69400,69500,340,9:02:05,2061,69000,69949,5000,9:02:05,29130,69000,69950,33452,9:02:05,25,68000,69968,1000,9:02:05,1400,67505,69970,2721
385,1397/7/24 9:02:17,100,69450,271,69400,69500,340,9:02:17,2086,69000,69949,5000,9:02:17,29130,69000,69950,33452,9:02:17,1400,67505,69968,1000,9:02:17,111,67300,69970,2721
386,1397/7/24 9:02:18,100,69450,271,69400,69500,15910,9:02:17,2086,69000,69949,5000,9:02:17,29130,69000,69950,33452,9:02:17,1400,67505,69968,1000,9:02:17,111,67300,69970,2721
387,1397/7/24 9:02:19,400,69200,2086,69000,69400,79,9:02:19,29130,68000,69500,15910,9:02:19,1400,68000,69949,5000,9:02:19,111,67300,69950,33452,9:02:19,10000,67002,69968,1000
388,1397/7/24 9:02:25,400,69200,2061,69000,69400,79,9:02:25,25,68000,69500,15910,9:02:19,1400,68000,69949,5000,9:02:19,111,67300,69950,33452,9:02:19,10000,67002,69968,1000
389,1397/7/24 9:02:25,400,69200,2061,69000,69400,79,9:02:26,25,68000,69500,910,9:02:19,1400,68000,69949,5000,9:02:19,111,67300,69950,33452,9:02:19,10000,67002,69968,1000
390,1397/7/24 9:02:25,400,69200,2061,69000,69400,79,9:02:27,25,68000,69500,2910,9:02:19,1400,68000,69949,5000,9:02:19,111,67300,69950,33452,9:02:19,10000,67002,69968,1000
391,1397/7/24 9:02:25,400,69200,2061,69000,69400,79,9:02:27,25,68000,69500,2910,9:02:19,1400,68000,69949,5000,9:02:33,111,67300,69950,38952,9:02:19,10000,67002,69968,1000
392,1397/7/24 9:02:34,400,69200,2061,69000,69400,870,9:02:27,25,68000,69500,2910,9:02:19,1400,68000,69949,5000,9:02:34,111,67300,69950,39152,9:02:19,10000,67002,69968,1000
393,1397/7/24 9:02:41,500,69250,2061,69000,69500,1090,9:02:41,25,68000,69949,5000,9:02:41,1400,68000,69950,39152,9:02:41,111,67300,69968,1000,9:02:41,10000,67002,69970,2721
394,1397/7/24 9:02:43,500,69250,1983,69000,69500,1090,9:02:41,25,68000,69949,5000,9:02:41,1400,68000,69950,39152,9:02:41,111,67300,69968,1000,9:02:41,10000,67002,69970,2721
395,1397/7/24 9:02:44,500,69250,1983,69000,69500,90,9:02:41,25,68000,69949,5000,9:02:41,1400,68000,69950,39152,9:02:41,111,67300,69968,1000,9:02:41,10000,67002,69970,2721
396,1397/7/24 9:02:45,500,69250,312,69000,69500,90,9:02:41,25,68000,69949,5000,9:02:41,1400,68000,69950,39152,9:02:41,111,67300,69968,1000,9:02:45,10000,67002,69970,1050
397,1397/7/24 9:02:45,500,69250,312,69000,69500,90,9:02:48,25,68000,69948,20000,9:02:48,1400,68000,69949,5000,9:02:48,111,67300,69950,19152,9:02:48,10000,67002,69968,1000
398,1397/7/24 9:02:49,500,69250,312,69000,69500,65,9:02:49,1400,67505,69948,20000,9:02:49,111,67505,69949,5000,9:02:49,10000,67002,69950,19152,9:02:49,3000,67001,69968,1000
399,1397/7/24 9:02:50,448,69724,1438,69500,69948,20000,9:02:50,312,69000,69949,5000,9:02:50,1400,69000,69950,19152,9:02:50,111,67300,69968,1000,9:02:50,10000,67002,69970,1050
400,1397/7/24 9:02:51,448,69724,1421,69500,69948,20000,9:02:50,312,69000,69949,5000,9:02:50,1400,69000,69950,19152,9:02:50,111,67300,69968,1000,9:02:50,10000,67002,69970,1050
401,1397/7/24 9:02:53,448,69724,1094,69500,69948,20000,9:02:50,312,69000,69949,5000,9:02:53,1400,69000,69950,18825,9:02:50,111,67300,69968,1000,9:02:50,10000,67002,69970,1050
402,1397/7/24 9:02:56,447,69723,1094,69500,69947,5000,9:02:56,312,69000,69948,20000,9:02:53,1400,69000,69950,18825,9:02:50,111,67300,69968,1000,9:02:50,10000,67002,69970,1050
403,1397/7/24 9:02:57,447,69723,1094,69500,69947,4000,9:02:56,312,69000,69948,20000,9:02:53,1400,69000,69950,18825,9:02:50,111,67300,69968,1000,9:02:50,10000,67002,69970,1050
404,1397/7/24 9:02:58,447,69723,1020,69500,69947,4000,9:02:56,312,69000,69948,20000,9:02:53,1400,69000,69950,18825,9:02:50,111,67300,69968,1000,9:02:50,10000,67002,69970,1050
405,1397/7/24 9:02:58,447,69723,1020,69500,69947,4000,9:03:04,100,69001,69948,20000,9:03:04,312,69001,69950,18825,9:03:04,1400,67505,69968,1000,9:03:04,111,67300,69970,1050
406,1397/7/24 9:03:05,437,69728,60,69510,69947,4000,9:03:05,1020,69500,69948,20000,9:03:05,50,69500,69950,18825,9:03:05,100,69001,69968,1000,9:03:05,312,69000,69970,1050
407,1397/7/24 9:03:07,435,69727,60,69510,69945,1000,9:03:07,1020,69500,69947,4000,9:03:07,50,69500,69948,20000,9:03:07,100,69001,69950,18825,9:03:07,312,69000,69968,1000
408,1397/7/24 9:03:15,425,69732,1550,69520,69945,960,9:03:15,60,69510,69947,4000,9:03:15,1020,69510,69948,20000,9:03:15,50,69400,69950,18825,9:03:15,100,69001,69968,1000
409,1397/7/24 9:03:21,425,69732,1550,69520,69945,940,9:03:15,60,69510,69947,4000,9:03:21,50,69510,69948,20000,9:03:21,100,69001,69950,18825,9:03:21,312,69000,69968,1000
410,1397/7/24 9:03:22,425,69732,1485,69520,69945,940,9:03:15,60,69510,69947,4000,9:03:21,50,69510,69948,20000,9:03:21,100,69001,69950,18825,9:03:21,312,69000,69968,1000
411,1397/7/24 9:03:22,425,69732,1485,69520,69945,940,9:03:26,60,69510,69947,5588,9:03:21,50,69510,69948,20000,9:03:21,100,69001,69950,18825,9:03:21,312,69000,69968,1000
412,1397/7/24 9:03:33,424,69732,485,69520,69944,20000,9:03:33,60,69510,69945,940,9:03:33,50,69510,69947,5588,9:03:21,100,69001,69950,18825,9:03:21,312,69000,69968,1000
413,1397/7/24 9:03:34,420,69730,585,69520,69940,430,9:03:34,60,69510,69944,20000,9:03:34,50,69510,69945,940,9:03:34,100,69001,69947,5588,9:03:34,312,69000,69950,18825
414,1397/7/24 9:03:34,420,69730,585,69520,69940,430,9:03:34,60,69510,69944,20000,9:03:34,50,69510,69945,940,9:03:34,100,69001,69947,5588,9:03:41,412,69000,69950,18825
415,1397/7/24 9:03:43,420,69730,585,69520,69940,1430,9:03:34,60,69510,69944,20000,9:03:34,50,69510,69945,940,9:03:34,100,69001,69947,5588,9:03:41,412,69000,69950,18825
416,1397/7/24 9:03:44,420,69730,585,69520,69940,2230,9:03:34,60,69510,69944,20000,9:03:34,50,69510,69945,940,9:03:34,100,69001,69947,5588,9:03:44,412,69000,69950,18025
417,1397/7/24 9:03:48,420,69730,585,69520,69940,2180,9:03:34,60,69510,69944,20000,9:03:48,100,69510,69945,940,9:03:48,412,69000,69947,5588,9:03:48,1400,67505,69950,18025
418,1397/7/24 9:03:55,420,69730,585,69520,69940,1754,9:03:55,60,69510,69943,3100,9:03:55,100,69510,69944,20000,9:03:55,412,69000,69945,940,9:03:55,1400,67505,69947,5588
419,1397/7/24 9:04:01,10,69515,60,69510,69520,2399,9:04:01,100,69001,69930,20000,9:04:01,412,69001,69940,1754,9:04:01,1400,67505,69943,3100,9:04:01,111,67300,69945,940
420,1397/7/24 9:04:02,10,69515,60,69510,69520,2464,9:04:01,100,69001,69930,20000,9:04:01,412,69001,69940,1754,9:04:01,1400,67505,69943,3100,9:04:01,111,67300,69945,940
421,1397/7/24 9:04:13,519,69260,100,69001,69520,2414,9:04:13,412,69000,69930,20000,9:04:13,1400,69000,69940,1754,9:04:13,111,67300,69943,3100,9:04:13,10000,67002,69945,940
422,1397/7/24 9:04:13,519,69260,100,69001,69520,2414,9:04:14,412,69000,69929,4000,9:04:14,1400,69000,69930,20000,9:04:14,111,67300,69940,1754,9:04:14,10000,67002,69943,3100
423,1397/7/24 9:04:13,519,69260,100,69001,69520,2414,9:04:14,412,69000,69929,4000,9:04:14,1400,69000,69930,20000,9:04:16,111,67300,69940,1954,9:04:14,10000,67002,69943,3100
424,1397/7/24 9:04:20,519,69260,1100,69001,69520,2414,9:04:14,412,69000,69929,4000,9:04:14,1400,69000,69930,20000,9:04:16,111,67300,69940,1954,9:04:14,10000,67002,69943,3100
425,1397/7/24 9:04:30,519,69260,1035,69001,69520,2349,9:04:14,412,69000,69929,4000,9:04:14,1400,69000,69930,20000,9:04:16,111,67300,69940,1954,9:04:14,10000,67002,69943,3100
426,1397/7/24 9:04:33,519,69260,1035,69001,69520,2505,9:04:14,412,69000,69929,4000,9:04:14,1400,69000,69930,20000,9:04:16,111,67300,69940,1954,9:04:14,10000,67002,69943,3100
427,1397/7/24 9:04:34,519,69260,1035,69001,69520,4093,9:04:14,412,69000,69929,4000,9:04:14,1400,69000,69930,20000,9:04:16,111,67300,69940,1954,9:04:14,10000,67002,69943,3100
428,1397/7/24 9:04:47,519,69260,1035,69001,69520,8093,9:04:14,412,69000,69929,4000,9:04:14,1400,69000,69930,20000,9:04:16,111,67300,69940,1954,9:04:14,10000,67002,69943,3100
429,1397/7/24 9:04:50,519,69260,609,69001,69520,8093,9:04:14,412,69000,69929,4000,9:04:14,1400,69000,69930,20000,9:04:16,111,67300,69940,1954,9:04:14,10000,67002,69943,3100
430,1397/7/24 9:04:53,519,69260,609,69001,69520,8033,9:04:14,412,69000,69929,4000,9:04:14,1400,69000,69930,20000,9:04:16,111,67300,69940,1954,9:04:14,10000,67002,69943,3100
431,1397/7/24 9:04:58,320,69360,143,69200,69520,8133,9:04:58,609,69001,69929,4000,9:04:58,412,69001,69930,20000,9:04:58,1400,67505,69940,1954,9:04:58,111,67300,69943,3100
432,1397/7/24 9:04:59,1,69000,412,69000,69001,248,9:04:59,1400,67505,69520,8133,9:04:59,111,67505,69929,4000,9:04:59,10000,67002,69930,20000,9:04:59,3000,67001,69940,1954
433,1397/7/24 9:04:59,1,69000,412,69000,69001,248,9:04:59,1400,67505,69520,8133,9:04:59,111,67505,69929,4000,9:05:04,15,67100,69930,20000,9:05:04,10000,67002,69940,1954
434,1397/7/24 9:04:59,1,69000,412,69000,69001,248,9:05:09,1400,67505,69519,6571,9:05:09,111,67505,69520,8133,9:05:09,15,67100,69929,4000,9:05:09,10000,67002,69930,20000
435,1397/7/24 9:05:11,1495,68252,1400,67505,69000,3188,9:05:11,111,67300,69001,248,9:05:11,15,67300,69519,6571,9:05:11,10000,67002,69520,8133,9:05:11,3000,67001,69929,4000
436,1397/7/24 9:05:13,1495,68252,1400,67505,69000,3388,9:05:11,111,67300,69001,248,9:05:11,15,67300,69519,6571,9:05:11,10000,67002,69520,8133,9:05:11,3000,67001,69929,4000
437,1397/7/24 9:05:16,1495,68252,1400,67505,69000,3368,9:05:11,111,67300,69001,248,9:05:11,15,67300,69519,6571,9:05:11,10000,67002,69520,8133,9:05:11,3000,67001,69929,4000
438,1397/7/24 9:05:16,1495,68252,1400,67505,69000,3368,9:05:11,111,67300,69001,248,9:05:17,15,67300,69510,1457,9:05:17,10000,67002,69519,6571,9:05:17,3000,67001,69520,8133
439,1397/7/24 9:05:21,1494,68252,1400,67505,68999,66,9:05:21,111,67300,69000,5616,9:05:21,15,67300,69510,1457,9:05:21,10000,67002,69519,6571,9:05:21,3000,67001,69520,8133
440,1397/7/24 9:05:23,1494,68252,1400,67505,68999,23,9:05:21,111,67300,69000,5616,9:05:21,15,67300,69510,1457,9:05:21,10000,67002,69519,6571,9:05:21,3000,67001,69520,8133
441,1397/7/24 9:05:23,1494,68252,1400,67505,68999,23,9:05:21,111,67300,69000,5616,9:05:21,15,67300,69510,1457,9:05:29,11483,67002,69519,6571,9:05:21,3000,67001,69520,8133
442,1397/7/24 9:05:31,1494,68252,1900,67505,68999,23,9:05:21,111,67300,69000,5616,9:05:21,15,67300,69510,1457,9:05:29,11483,67002,69519,6571,9:05:21,3000,67001,69520,8133
443,1397/7/24 9:05:31,1494,68252,1900,67505,68999,23,9:05:21,111,67300,69000,5616,9:05:21,15,67300,69510,1457,9:05:36,11928,67002,69519,6571,9:05:21,3000,67001,69520,8133
444,1397/7/24 9:05:31,1494,68252,1900,67505,68999,23,9:05:21,111,67300,69000,5616,9:05:21,15,67300,69510,1457,9:05:42,11928,67002,69518,5000,9:05:42,3000,67001,69519,6571
445,1397/7/24 9:05:44,1494,68252,2129,67505,68999,23,9:05:21,111,67300,69000,5616,9:05:21,15,67300,69510,1457,9:05:42,11928,67002,69518,5000,9:05:42,3000,67001,69519,6571
446,1397/7/24 9:05:50,1,68999,409,68999,69000,5616,9:05:50,2129,67505,69510,1457,9:05:50,111,67505,69518,5000,9:05:50,15,67100,69519,6571,9:05:50,11928,67002,69520,8133
447,1397/7/24 9:05:50,1,68999,409,68999,69000,5616,9:05:50,2129,67505,69510,1457,9:05:50,111,67505,69518,5000,9:05:50,15,67100,69519,6571,9:05:52,11957,67002,69520,8133
448,1397/7/24 9:05:50,1,68999,409,68999,69000,5616,9:06:02,2529,67505,69510,1457,9:05:50,111,67505,69518,5000,9:05:50,15,67100,69519,6571,9:05:52,11957,67002,69520,8133
449,1397/7/24 9:05:50,1,68999,409,68999,69000,5616,9:06:02,2529,67505,69510,1457,9:05:50,111,67505,69518,5000,9:05:50,15,67100,69519,6571,9:06:04,600,67030,69520,8133
450,1397/7/24 9:05:50,1,68999,409,68999,69000,5616,9:06:02,2529,67505,69510,1457,9:05:50,111,67505,69518,5000,9:06:06,15,67100,69520,8133,9:06:06,600,67030,69929,4000
451,1397/7/24 9:06:11,1,68999,409,68999,69000,5601,9:06:02,2529,67505,69510,1457,9:05:50,111,67505,69518,5000,9:06:06,15,67100,69520,8133,9:06:06,600,67030,69929,4000
452,1397/7/24 9:06:11,1,68999,409,68999,69000,5601,9:06:02,2529,67505,69510,1457,9:05:50,111,67505,69518,5000,9:06:06,15,67100,69520,8133,9:06:12,600,67030,69900,2000
453,1397/7/24 9:06:11,1,68999,409,68999,69000,5601,9:06:15,2555,67505,69510,1457,9:05:50,111,67505,69518,5000,9:06:06,15,67100,69520,8133,9:06:12,600,67030,69900,2000
454,1397/7/24 9:06:17,1,68999,409,68999,69000,5493,9:06:15,2555,67505,69510,1457,9:06:17,15,67505,69518,5000,9:06:17,600,67030,69520,8133,9:06:17,11928,67002,69900,2000
455,1397/7/24 9:06:17,1,68999,409,68999,69000,5493,9:06:15,2555,67505,69510,1457,9:06:23,1496,67505,69518,5000,9:06:17,600,67030,69520,8133,9:06:23,10445,67002,69900,2000
456,1397/7/24 9:06:17,1,68999,409,68999,69000,5493,9:06:29,2055,67505,69510,1457,9:06:23,1496,67505,69518,5000,9:06:17,600,67030,69520,8133,9:06:23,10445,67002,69900,2000
457,1397/7/24 9:06:17,1,68999,409,68999,69000,5493,9:06:31,2084,67505,69510,1457,9:06:23,1496,67505,69518,5000,9:06:17,600,67030,69520,8133,9:06:23,10445,67002,69900,2000
458,1397/7/24 9:06:17,1,68999,409,68999,69000,5493,9:06:31,2084,67505,69510,1457,9:06:23,1496,67505,69518,5000,9:06:37,600,67030,69520,8141,9:06:23,10445,67002,69900,2000
459,1397/7/24 9:06:17,1,68999,409,68999,69000,5493,9:06:31,2084,67505,69510,1457,9:06:23,1496,67505,69518,5000,9:06:37,600,67030,69520,8141,9:06:45,1600,67003,69900,2000
460,1397/7/24 9:06:49,1,68999,309,68999,69000,5493,9:06:31,2084,67505,69510,1457,9:06:23,1496,67505,69518,5000,9:06:37,600,67030,69520,8141,9:06:45,1600,67003,69900,2000
461,1397/7/24 9:06:50,1,68999,309,68999,69000,10423,9:06:31,2084,67505,69510,1457,9:06:50,1000,67505,69518,5000,9:06:50,1496,67100,69520,8141,9:06:50,600,67030,69900,2000
462,1397/7/24 9:07:02,1,68999,209,68999,69000,10423,9:06:31,2084,67505,69510,1457,9:06:50,1000,67505,69518,5000,9:06:50,1496,67100,69520,8141,9:06:50,600,67030,69900,2000
463,1397/7/24 9:07:05,1,68999,209,68999,69000,10403,9:06:31,2084,67505,69510,1457,9:06:50,1000,67505,69518,5000,9:06:50,1496,67100,69520,8141,9:06:50,600,67030,69900,2000
464,1397/7/24 9:07:06,1,68999,209,68999,69000,10115,9:06:31,2084,67505,69510,1457,9:06:50,1000,67505,69518,5000,9:06:50,1496,67100,69520,8141,9:06:50,600,67030,69900,2000
465,1397/7/24 9:07:09,1,68999,209,68999,69000,10095,9:06:31,2084,67505,69510,1457,9:06:50,1000,67505,69518,5000,9:06:50,1496,67100,69520,8141,9:06:50,600,67030,69900,2000
466,1397/7/24 9:07:10,1494,68252,2084,67505,68999,1791,9:07:10,1000,67120,69000,10095,9:07:10,1496,67120,69510,1457,9:07:10,600,67030,69518,5000,9:07:10,1750,67003,69520,8141
467,1397/7/24 9:07:10,1494,68252,2084,67505,68999,1791,9:07:10,1000,67120,69000,10095,9:07:15,1496,67120,69500,91,9:07:15,600,67030,69510,1457,9:07:15,1750,67003,69518,5000
468,1397/7/24 9:07:24,1494,68252,2884,67505,68999,1791,9:07:24,1000,67120,69000,14040,9:07:15,1496,67120,69500,91,9:07:24,1750,67003,69510,1457,9:07:24,10445,67002,69518,5000
469,1397/7/24 9:07:25,499,68749,15,68500,68999,1791,9:07:25,2884,67505,69000,14040,9:07:25,1000,67505,69500,91,9:07:25,1481,67100,69510,1457,9:07:25,1750,67003,69518,5000
470,1397/7/24 9:07:33,490,68745,15,68500,68990,100,9:07:33,2884,67505,68999,1791,9:07:33,1000,67505,69000,14040,9:07:33,1481,67100,69500,91,9:07:33,1750,67003,69510,1457
471,1397/7/24 9:07:33,490,68745,15,68500,68990,100,9:07:35,7884,67505,68999,1791,9:07:33,1000,67505,69000,14040,9:07:33,1481,67100,69500,91,9:07:33,1750,67003,69510,1457
472,1397/7/24 9:07:33,490,68745,15,68500,68990,100,9:07:35,7884,67505,68999,1791,9:07:33,1000,67505,69000,14040,9:07:38,1481,67100,69500,2591,9:07:33,1750,67003,69510,1457
473,1397/7/24 9:07:33,490,68745,15,68500,68990,100,9:07:39,7884,67505,68998,4930,9:07:39,1000,67505,68999,1791,9:07:39,1481,67100,69000,9110,9:07:39,1750,67003,69500,2591
474,1397/7/24 9:07:42,490,68745,15,68500,68990,28,9:07:39,7884,67505,68998,4930,9:07:39,1000,67505,68999,1791,9:07:39,1481,67100,69000,9110,9:07:39,1750,67003,69500,2591
475,1397/7/24 9:07:42,490,68745,15,68500,68990,28,9:07:39,7884,67505,68998,4930,9:07:39,1000,67505,68999,1791,9:07:39,1481,67100,69000,9110,9:07:43,1750,67003,69200,15000
476,1397/7/24 9:07:42,490,68745,15,68500,68990,28,9:07:39,7884,67505,68998,4930,9:07:44,370,67505,68999,1791,9:07:44,1000,67120,69000,9110,9:07:44,1481,67100,69200,15000
477,1397/7/24 9:07:45,489,68745,72,68501,68990,28,9:07:45,15,68500,68998,4930,9:07:45,7884,68500,68999,1791,9:07:45,370,67256,69000,9110,9:07:45,1000,67120,69200,15000
478,1397/7/24 9:07:47,497,68749,72,68501,68998,4758,9:07:47,15,68500,68999,1791,9:07:47,7884,68500,69000,9110,9:07:47,370,67256,69200,15000,9:07:47,1000,67120,69500,2591
479,1397/7/24 9:07:56,497,68749,72,68501,68998,1758,9:07:47,15,68500,68999,1791,9:07:47,7884,68500,69000,9110,9:07:47,370,67256,69200,15000,9:07:47,1000,67120,69500,2591
480,1397/7/24 9:07:56,497,68749,72,68501,68998,1758,9:07:47,15,68500,68999,1791,9:07:58,7884,68500,69000,17310,9:07:47,370,67256,69200,15000,9:07:47,1000,67120,69500,2591
481,1397/7/24 9:07:56,497,68749,72,68501,68998,1758,9:07:47,15,68500,68999,1791,9:07:58,7884,68500,69000,17310,9:08:00,960,67500,69200,15000,9:08:00,370,67256,69500,2591
482,1397/7/24 9:08:02,497,68749,72,68501,68998,1729,9:07:47,15,68500,68999,1791,9:07:58,7884,68500,69000,17310,9:08:00,960,67500,69200,15000,9:08:00,370,67256,69500,2591
483,1397/7/24 9:08:05,497,68749,72,68501,68998,1885,9:07:47,15,68500,68999,1791,9:07:58,7884,68500,69000,17310,9:08:00,960,67500,69200,15000,9:08:00,370,67256,69500,2591
484,1397/7/24 9:08:07,496,68749,72,68501,68997,1000,9:08:07,15,68500,68998,1885,9:08:07,7884,68500,68999,2461,9:08:07,960,67500,69000,17310,9:08:07,370,67256,69200,15000
485,1397/7/24 9:08:07,496,68749,72,68501,68997,1000,9:08:07,15,68500,68998,1885,9:08:09,15,68500,68999,2461,9:08:09,7884,67505,69000,17310,9:08:09,960,67500,69200,15000
486,1397/7/24 9:08:12,97,68948,15,68900,68997,1000,9:08:12,72,68501,68998,1885,9:08:09,15,68501,68999,2461,9:08:12,7884,67505,69000,16810,9:08:09,960,67500,69200,15000
487,1397/7/24 9:08:19,97,68948,15,68900,68997,2000,9:08:12,72,68501,68998,1885,9:08:09,15,68501,68999,2461,9:08:12,7884,67505,69000,16810,9:08:09,960,67500,69200,15000
488,1397/7/24 9:08:19,97,68948,15,68900,68997,2000,9:08:12,72,68501,68998,1885,9:08:09,15,68501,68999,2461,9:08:23,7884,67505,69000,12865,9:08:09,960,67500,69200,15000
489,1397/7/24 9:08:19,97,68948,15,68900,68997,2000,9:08:26,72,68501,68998,5830,9:08:09,15,68501,68999,2461,9:08:23,7884,67505,69000,12865,9:08:09,960,67500,69200,15000
490,1397/7/24 9:08:29,90,68945,15,68900,68990,10000,9:08:29,72,68501,68997,2000,9:08:29,50,68501,68998,5830,9:08:29,15,67999,68999,2461,9:08:29,7884,67505,69000,12865
491,1397/7/24 9:08:29,90,68945,15,68900,68990,10000,9:08:30,72,68501,68997,2200,9:08:29,50,68501,68998,5830,9:08:29,15,67999,68999,2461,9:08:30,7884,67505,69000,12665
492,1397/7/24 9:08:29,90,68945,15,68900,68990,10000,9:08:37,64,68700,68997,2200,9:08:37,72,68700,68998,5830,9:08:37,50,68000,68999,2461,9:08:37,15,67999,69000,12665
493,1397/7/24 9:08:47,90,68945,15,68900,68990,10156,9:08:37,64,68700,68997,2200,9:08:47,72,68700,68998,5674,9:08:37,50,68000,68999,2461,9:08:37,15,67999,69000,12665
494,1397/7/24 9:08:48,200,68800,64,68700,68900,210,9:08:48,72,68501,68990,10156,9:08:48,50,68501,68997,2200,9:08:48,15,67999,68998,5674,9:08:48,432,67600,68999,2461
495,1397/7/24 9:08:51,200,68800,64,68700,68900,1710,9:08:48,72,68501,68990,10156,9:08:48,50,68501,68997,2200,9:08:48,15,67999,68998,5674,9:08:48,432,67600,68999,2461
496,1397/7/24 9:08:51,200,68800,64,68700,68900,1710,9:08:52,72,68501,68990,11156,9:08:52,50,68501,68997,1200,9:08:48,15,67999,68998,5674,9:08:48,432,67600,68999,2461
497,1397/7/24 9:08:51,200,68800,64,68700,68900,1710,9:08:52,72,68501,68990,11156,9:08:52,50,68501,68997,1200,9:08:55,447,67600,68998,5674,9:08:55,7858,67505,68999,2461
498,1397/7/24 9:09:00,199,68799,64,68700,68899,1729,9:09:00,72,68501,68900,1710,9:09:00,50,68501,68990,12156,9:09:00,447,67600,68997,1200,9:09:00,7858,67505,68998,3945
499,1397/7/24 9:09:04,198,68800,72,68701,68899,1729,9:09:04,64,68700,68900,1710,9:09:00,50,68700,68990,12156,9:09:00,447,67600,68997,1200,9:09:00,7858,67505,68998,3945
500,1397/7/24 9:09:06,198,68800,72,68701,68899,1671,9:09:04,64,68700,68900,1710,9:09:00,50,68700,68990,12156,9:09:00,447,67600,68997,1200,9:09:00,7858,67505,68998,3945
501,1397/7/24 9:09:06,198,68800,72,68701,68899,1671,9:09:04,64,68700,68900,1710,9:09:00,50,68700,68990,12156,9:09:00,447,67600,68997,1200,9:09:08,960,67507,68998,3945
502,1397/7/24 9:09:10,700,68350,50,68000,68700,4830,9:09:10,447,67600,68899,1671,9:09:10,960,67600,68900,1710,9:09:10,7858,67505,68990,12156,9:09:10,740,67256,68997,1200
503,1397/7/24 9:09:10,700,68350,50,68000,68700,4830,9:09:10,447,67600,68899,1671,9:09:10,960,67600,68900,1710,9:09:17,7858,67505,68990,17156,9:09:10,740,67256,68997,1200
504,1397/7/24 9:09:10,700,68350,50,68000,68700,4830,9:09:10,447,67600,68899,1671,9:09:18,960,67600,68900,9710,9:09:17,7858,67505,68990,17156,9:09:10,740,67256,68997,1200
505,1397/7/24 9:09:25,700,68350,50,68000,68700,4815,9:09:10,447,67600,68899,1671,9:09:18,960,67600,68900,9710,9:09:17,7858,67505,68990,17156,9:09:10,740,67256,68997,1200
506,1397/7/24 9:09:25,700,68350,50,68000,68700,4815,9:09:10,447,67600,68899,1671,9:09:18,960,67600,68900,9710,9:09:26,800,67506,68990,17156,9:09:26,7058,67505,68997,1200
507,1397/7/24 9:09:25,700,68350,50,68000,68700,4815,9:09:27,5447,67600,68899,1671,9:09:18,960,67600,68900,9710,9:09:26,800,67506,68990,17156,9:09:27,2058,67505,68997,1200
508,1397/7/24 9:09:29,700,68350,26,68000,68700,4815,9:09:29,50,67700,68899,1671,9:09:29,5447,67700,68900,9710,9:09:29,960,67507,68989,1000,9:09:29,800,67506,68990,16156
509,1397/7/24 9:09:29,700,68350,26,68000,68700,4815,9:09:29,50,67700,68899,1671,9:09:30,5432,67700,68900,9710,9:09:30,1972,67507,68989,1000,9:09:29,800,67506,68990,16156
510,1397/7/24 9:09:33,700,68350,125,68000,68700,4815,9:09:29,50,67700,68899,1671,9:09:30,5432,67700,68900,9710,9:09:30,1972,67507,68989,1000,9:09:29,800,67506,68990,16156
511,1397/7/24 9:09:43,700,68350,125,68000,68700,4800,9:09:29,50,67700,68899,1671,9:09:30,5432,67700,68900,9710,9:09:30,1972,67507,68989,1000,9:09:29,800,67506,68990,16156
512,1397/7/24 9:09:43,700,68350,125,68000,68700,4800,9:09:47,67,67700,68899,1671,9:09:30,5432,67700,68900,9710,9:09:30,1972,67507,68989,1000,9:09:29,800,67506,68990,16156
513,1397/7/24 9:09:43,700,68350,125,68000,68700,4800,9:09:47,67,67700,68899,1671,9:09:48,5432,67700,68900,10380,9:09:30,1972,67507,68989,1000,9:09:29,800,67506,68990,16156
514,1397/7/24 9:09:43,700,68350,125,68000,68700,4800,9:09:50,17,67700,68899,1671,9:09:48,5432,67700,68900,10380,9:09:30,1972,67507,68989,1000,9:09:29,800,67506,68990,16156
515,1397/7/24 9:09:51,699,68349,125,68000,68699,1671,9:09:51,17,67700,68700,4800,9:09:48,5432,67700,68900,10380,9:09:30,1972,67507,68989,1000,9:09:29,800,67506,68990,16156
516,1397/7/24 9:09:54,698,68350,29,68001,68699,1671,9:09:54,125,68000,68700,4800,9:09:54,17,68000,68900,10380,9:09:54,5432,67600,68989,1000,9:09:54,1972,67507,68990,16156
517,1397/7/24 9:09:56,698,68350,29,68001,68699,671,9:09:54,125,68000,68700,4800,9:09:54,17,68000,68900,10380,9:09:54,5432,67600,68989,1000,9:09:54,1972,67507,68990,16156
518,1397/7/24 9:09:56,698,68350,29,68001,68699,671,9:09:57,125,68000,68700,8745,9:09:54,17,68000,68900,10380,9:09:54,5432,67600,68989,1000,9:09:54,1972,67507,68990,16156
519,1397/7/24 9:09:59,599,68399,100,68100,68699,671,9:09:59,29,68001,68700,8745,9:09:59,125,68001,68900,10380,9:09:59,17,67700,68989,1000,9:09:59,5432,67600,68990,16156
520,1397/7/24 9:09:59,599,68399,100,68100,68699,671,9:09:59,29,68001,68700,8745,9:10:03,125,68001,68900,10480,9:09:59,17,67700,68989,1000,9:09:59,5432,67600,68990,16156
521,1397/7/24 9:10:08,598,68400,29,68101,68699,671,9:10:08,100,68100,68700,8745,9:10:03,125,68100,68900,10480,9:09:59,17,67700,68989,1000,9:09:59,5432,67600,68990,16156
522,1397/7/24 9:10:08,598,68400,29,68101,68699,671,9:10:08,100,68100,68700,8745,9:10:03,125,68100,68900,10480,9:09:59,17,67700,68989,1000,9:10:11,5432,67600,68990,6156
523,1397/7/24 9:10:08,598,68400,29,68101,68699,671,9:10:08,100,68100,68700,8745,9:10:03,125,68100,68900,10480,9:09:59,17,67700,68989,1000,9:10:21,5654,67600,68990,6156
524,1397/7/24 9:10:08,598,68400,29,68101,68699,671,9:10:08,100,68100,68700,8745,9:10:33,175,68100,68900,10480,9:09:59,17,67700,68989,1000,9:10:21,5654,67600,68990,6156
525,1397/7/24 9:10:34,598,68400,1029,68101,68699,671,9:10:08,100,68100,68700,8745,9:10:33,175,68100,68900,10480,9:09:59,17,67700,68989,1000,9:10:34,7000,67601,68990,6156
526,1397/7/24 9:10:40,598,68400,1029,68101,68699,382,9:10:08,100,68100,68700,8745,9:10:33,175,68100,68900,10480,9:09:59,17,67700,68989,1000,9:10:34,7000,67601,68990,6156
527,1397/7/24 9:10:42,1,68699,168,68699,68700,8745,9:10:42,1029,68101,68900,10480,9:10:42,100,68101,68989,1000,9:10:42,175,68000,68990,6156,9:10:42,17,67700,68997,1200
528,1397/7/24 9:10:42,1,68699,168,68699,68700,8745,9:10:42,1029,68101,68900,10480,9:10:42,100,68101,68989,1000,9:10:46,175,68000,68990,5156,9:10:42,17,67700,68997,1200
529,1397/7/24 9:10:47,1,68699,168,68699,68700,7745,9:10:47,100,68102,68900,10480,9:10:47,29,68102,68989,1000,9:10:46,175,68000,68990,5156,9:10:42,17,67700,68997,1200
530,1397/7/24 9:10:47,1,68699,168,68699,68700,7745,9:10:55,100,68102,68900,10580,9:10:47,29,68102,68989,1000,9:10:46,175,68000,68990,5156,9:10:42,17,67700,68997,1200
531,1397/7/24 9:10:56,598,68401,100,68102,68700,7577,9:10:56,29,68101,68900,10580,9:10:56,175,68101,68989,1000,9:10:56,17,67700,68990,5156,9:10:56,7000,67601,68997,1200
532,1397/7/24 9:10:56,598,68401,100,68102,68700,7577,9:10:59,29,68101,68900,10780,9:10:56,175,68101,68989,1000,9:10:56,17,67700,68990,5156,9:10:59,7000,67601,68997,1000
533,1397/7/24 9:11:03,597,68401,29,68103,68700,7577,9:11:03,100,68102,68900,10780,9:10:56,175,68102,68989,1000,9:10:56,17,67700,68990,5156,9:10:59,7000,67601,68997,1000
534,1397/7/24 9:11:04,545,68427,1400,68155,68700,7577,9:11:04,29,68103,68900,10780,9:11:04,100,68103,68989,1000,9:11:04,175,68000,68990,5156,9:11:04,17,67700,68997,1000
535,1397/7/24 9:11:10,545,68427,1400,68155,68700,7477,9:11:04,29,68103,68900,10780,9:11:04,100,68103,68989,1000,9:11:04,175,68000,68990,5156,9:11:04,17,67700,68997,1000
536,1397/7/24 9:11:12,545,68427,1400,68155,68700,7452,9:11:04,29,68103,68900,10780,9:11:04,100,68103,68989,1000,9:11:04,175,68000,68990,5156,9:11:04,17,67700,68997,1000
537,1397/7/24 9:11:13,545,68427,400,68155,68700,7395,9:11:04,29,68103,68900,10780,9:11:04,100,68103,68989,1000,9:11:04,175,68000,68990,5156,9:11:04,17,67700,68997,1000
538,1397/7/24 9:11:13,545,68427,400,68155,68700,7395,9:11:04,29,68103,68900,10780,9:11:15,175,68103,68989,1000,9:11:15,17,67700,68990,5156,9:11:15,7000,67601,68997,1000
539,1397/7/24 9:11:27,1,68699,97,68699,68700,7395,9:11:27,400,68155,68900,10780,9:11:27,44,68155,68989,1000,9:11:27,175,68000,68990,5156,9:11:27,17,67700,68997,1000
540,1397/7/24 9:11:27,1,68699,97,68699,68700,7395,9:11:36,400,68155,68900,10110,9:11:27,44,68155,68989,1000,9:11:27,175,68000,68990,5156,9:11:27,17,67700,68997,1000
541,1397/7/24 9:11:39,544,68427,400,68155,68699,3,9:11:39,44,68103,68700,7395,9:11:39,175,68103,68900,10010,9:11:39,17,67700,68989,1000,9:11:39,7000,67601,68990,5156
542,1397/7/24 9:11:39,544,68427,400,68155,68699,3,9:11:39,44,68103,68700,7395,9:11:40,29270,68103,68900,10010,9:11:40,175,68000,68989,1000,9:11:40,17,67700,68990,5156
543,1397/7/24 9:11:41,545,68427,400,68155,68700,7298,9:11:41,44,68103,68900,10010,9:11:41,29270,68103,68989,1000,9:11:41,175,68000,68990,5156,9:11:41,17,67700,68997,1000
544,1397/7/24 9:11:41,545,68427,400,68155,68700,7298,9:11:43,44,68103,68900,9810,9:11:41,29270,68103,68989,1000,9:11:41,175,68000,68990,5156,9:11:43,17,67700,68997,1200
545,1397/7/24 9:11:53,545,68427,400,68155,68700,7567,9:11:43,44,68103,68900,9810,9:11:41,29270,68103,68989,1000,9:11:41,175,68000,68990,5156,9:11:43,17,67700,68997,1200
546,1397/7/24 9:11:53,545,68427,400,68155,68700,7567,9:11:54,29,68120,68900,9810,9:11:54,15,68120,68989,1000,9:11:54,29270,68006,68990,5156,9:11:54,175,68000,68997,1200
547,1397/7/24 9:12:07,540,68430,29,68160,68700,7567,9:12:07,400,68155,68900,9810,9:11:54,15,68155,68989,1000,9:11:54,29270,68006,68990,5156,9:11:54,175,68000,68997,1200
548,1397/7/24 9:12:07,540,68430,29,68160,68700,7567,9:12:07,400,68155,68900,9810,9:12:27,85,68155,68989,1000,9:11:54,29270,68006,68990,5156,9:11:54,175,68000,68997,1200
549,1397/7/24 9:12:07,540,68430,29,68160,68700,7567,9:12:07,400,68155,68900,9810,9:12:27,85,68155,68989,1000,9:11:54,29270,68006,68990,5156,9:12:31,614,68000,68997,1200
550,1397/7/24 9:12:33,540,68430,29,68160,68700,7543,9:12:07,400,68155,68900,9810,9:12:27,85,68155,68989,1000,9:11:54,29270,68006,68990,5156,9:12:31,614,68000,68997,1200
551,1397/7/24 9:12:33,540,68430,29,68160,68700,7543,9:12:37,1000,68156,68900,9810,9:12:37,400,68156,68989,1000,9:12:37,85,68103,68990,5156,9:12:37,29270,68006,68997,1200
552,1397/7/24 9:12:38,540,68430,79,68160,68700,7543,9:12:37,1000,68156,68900,9810,9:12:37,400,68156,68989,1000,9:12:37,85,68103,68990,5156,9:12:37,29270,68006,68997,1200
553,1397/7/24 9:12:39,440,68380,79,68160,68600,1000,9:12:39,1000,68156,68700,7543,9:12:39,400,68156,68900,9810,9:12:39,85,68103,68989,1000,9:12:39,29270,68006,68990,5156
554,1397/7/24 9:12:43,440,68380,2995,68160,68600,1000,9:12:39,1000,68156,68700,7543,9:12:39,400,68156,68900,9810,9:12:39,85,68103,68989,1000,9:12:39,29270,68006,68990,5156
555,1397/7/24 9:12:46,440,68380,2995,68160,68600,950,9:12:39,1000,68156,68700,7543,9:12:39,400,68156,68900,9810,9:12:39,85,68103,68989,1000,9:12:39,29270,68006,68990,5156
556,1397/7/24 9:12:53,440,68380,3049,68160,68600,950,9:12:39,1000,68156,68700,7543,9:12:39,400,68156,68900,9810,9:12:39,85,68103,68989,1000,9:12:39,29270,68006,68990,5156
557,1397/7/24 9:13:06,440,68380,2949,68160,68600,950,9:12:39,1000,68156,68700,7543,9:12:39,400,68156,68900,9810,9:12:39,85,68103,68989,1000,9:12:39,29270,68006,68990,5156
558,1397/7/24 9:13:07,439,68380,10000,68161,68600,950,9:13:07,2949,68160,68700,7543,9:13:07,1000,68160,68900,9810,9:13:07,400,68155,68989,1000,9:13:07,85,68103,68990,5156
559,1397/7/24 9:13:13,438,68381,54,68162,68600,950,9:13:13,10000,68161,68700,7543,9:13:13,2895,68161,68900,9810,9:13:13,1000,68156,68989,1000,9:13:13,400,68155,68990,5156
560,1397/7/24 9:13:14,438,68381,54,68162,68600,650,9:13:13,10000,68161,68700,7543,9:13:13,2895,68161,68900,9810,9:13:13,1000,68156,68989,1000,9:13:14,400,68155,68990,5956
561,1397/7/24 9:13:14,438,68381,54,68162,68600,650,9:13:17,15000,68161,68700,7543,9:13:13,2895,68161,68900,9810,9:13:13,1000,68156,68989,1000,9:13:14,400,68155,68990,5956
562,1397/7/24 9:13:14,438,68381,54,68162,68600,650,9:13:24,15120,68161,68700,7543,9:13:13,2895,68161,68900,9810,9:13:13,1000,68156,68989,1000,9:13:14,400,68155,68990,5956
563,1397/7/24 9:13:31,435,68382,437,68165,68600,650,9:13:31,54,68162,68700,7543,9:13:31,15120,68162,68900,9810,9:13:31,2895,68160,68989,1000,9:13:31,1000,68156,68990,5956
564,1397/7/24 9:13:32,435,68382,437,68165,68600,390,9:13:31,54,68162,68700,7543,9:13:31,15120,68162,68900,9810,9:13:31,2895,68160,68989,1000,9:13:31,1000,68156,68990,5956
565,1397/7/24 9:13:38,300,68450,1018,68300,68600,390,9:13:38,437,68165,68700,7543,9:13:38,54,68165,68900,9810,9:13:38,15120,68161,68989,1000,9:13:38,2895,68160,68990,5956
566,1397/7/24 9:13:38,300,68450,1018,68300,68600,390,9:13:39,437,68165,68700,4503,9:13:38,54,68165,68900,9810,9:13:38,15120,68161,68989,1000,9:13:38,2895,68160,68990,5956
567,1397/7/24 9:13:38,300,68450,1018,68300,68600,390,9:13:45,5437,68165,68700,4503,9:13:38,54,68165,68900,9810,9:13:45,10120,68161,68989,1000,9:13:38,2895,68160,68990,5956
568,1397/7/24 9:13:38,300,68450,1018,68300,68600,390,9:13:47,5466,68165,68700,4503,9:13:38,54,68165,68900,9810,9:13:45,10120,68161,68989,1000,9:13:38,2895,68160,68990,5956
569,1397/7/24 9:13:58,250,68475,5000,68350,68600,390,9:13:58,1018,68300,68700,4503,9:13:58,5466,68300,68900,9810,9:13:58,54,68162,68989,1000,9:13:58,10120,68161,68990,5956
570,1397/7/24 9:13:58,250,68475,5000,68350,68600,390,9:13:58,1018,68300,68700,4503,9:14:01,5466,68300,68900,10010,9:13:58,54,68162,68989,1000,9:13:58,10120,68161,68990,5956
571,1397/7/24 9:14:04,100,68650,1075,68600,68700,4503,9:14:04,5000,68350,68900,10010,9:14:04,1018,68350,68989,1000,9:14:04,5466,68165,68990,5956,9:14:04,54,68162,68997,1000
572,1397/7/24 9:14:04,100,68650,1075,68600,68700,4503,9:14:04,5000,68350,68900,10010,9:14:06,53,68350,68989,1000,9:14:06,1018,68300,68990,5956,9:14:06,1000,68200,68997,1000
573,1397/7/24 9:14:14,100,68650,1074,68600,68700,4503,9:14:04,5000,68350,68900,10010,9:14:06,53,68350,68989,1000,9:14:06,1018,68300,68990,5956,9:14:06,1000,68200,68997,1000
574,1397/7/24 9:14:17,200,68800,497,68700,68900,10010,9:14:17,1074,68600,68989,1000,9:14:17,5000,68600,68990,5956,9:14:17,53,68301,68997,1000,9:14:17,1018,68300,68999,1791
575,1397/7/24 9:14:18,200,68800,512,68700,68900,10010,9:14:17,1074,68600,68989,1000,9:14:17,5000,68600,68990,5956,9:14:17,53,68301,68997,1000,9:14:17,1018,68300,68999,1791
576,1397/7/24 9:14:26,200,68800,512,68700,68900,9810,9:14:26,1074,68600,68989,1200,9:14:17,5000,68600,68990,5956,9:14:17,53,68301,68997,1000,9:14:17,1018,68300,68999,1791
577,1397/7/24 9:14:29,200,68800,512,68700,68900,8736,9:14:29,5000,68350,68989,1200,9:14:29,53,68350,68990,5956,9:14:29,1018,68300,68997,1000,9:14:29,1000,68200,68999,1791
578,1397/7/24 9:14:29,200,68800,512,68700,68900,8736,9:14:31,36,68600,68989,1200,9:14:31,5000,68600,68990,5956,9:14:31,53,68301,68997,1000,9:14:31,1018,68300,68999,1791
579,1397/7/24 9:14:33,199,68800,52,68701,68900,8736,9:14:33,512,68700,68989,1200,9:14:33,36,68700,68990,5956,9:14:33,200,68500,68997,1000,9:14:33,5000,68350,68999,1791
580,1397/7/24 9:14:36,100,68650,36,68600,68700,2476,9:14:36,200,68500,68900,8736,9:14:36,5000,68500,68989,1200,9:14:36,1018,68300,68990,5956,9:14:36,1000,68200,68997,1000
581,1397/7/24 9:14:36,100,68650,36,68600,68700,2476,9:14:36,200,68500,68900,8736,9:14:36,5000,68500,68989,1200,9:14:36,1018,68300,68990,5956,9:14:44,2000,68200,68997,1000
582,1397/7/24 9:14:36,100,68650,36,68600,68700,2476,9:14:48,200,68500,68850,100,9:14:48,5000,68500,68900,8736,9:14:48,1018,68300,68989,1200,9:14:48,2000,68200,68990,5956
583,1397/7/24 9:14:49,100,68650,630,68600,68700,2476,9:14:48,200,68500,68850,100,9:14:48,5000,68500,68900,8736,9:14:48,1018,68300,68989,1200,9:14:48,2000,68200,68990,5956
584,1397/7/24 9:14:55,100,68650,630,68600,68700,1876,9:14:48,200,68500,68850,100,9:14:48,5000,68500,68900,8736,9:14:48,1018,68300,68989,1200,9:14:48,2000,68200,68990,5956
585,1397/7/24 9:14:56,100,68650,630,68600,68700,1976,9:14:48,200,68500,68850,100,9:14:48,5000,68500,68900,8736,9:14:48,1018,68300,68989,1200,9:14:48,2000,68200,68990,5956
586,1397/7/24 9:15:03,50,68325,1018,68300,68350,4520,9:15:03,2000,68200,68700,1976,9:15:03,466,68200,68850,100,9:15:03,10120,68161,68900,8736,9:15:03,2895,68160,68989,1200
587,1397/7/24 9:15:03,50,68325,1018,68300,68350,4520,9:15:03,2000,68200,68700,1976,9:15:03,466,68200,68850,100,9:15:04,10120,68161,68900,8936,9:15:04,2895,68160,68989,1000
588,1397/7/24 9:15:05,50,68325,1018,68300,68350,4419,9:15:03,2000,68200,68700,1976,9:15:03,466,68200,68850,100,9:15:04,10120,68161,68900,8936,9:15:04,2895,68160,68989,1000
589,1397/7/24 9:15:17,100,68650,81,68600,68700,1976,9:15:17,70,68330,68850,100,9:15:17,1018,68330,68900,8936,9:15:17,2000,68200,68989,1000,9:15:17,466,68165,68990,5956
590,1397/7/24 9:15:17,100,68650,81,68600,68700,1976,9:15:20,70,68330,68850,300,9:15:20,1018,68330,68900,8736,9:15:17,2000,68200,68989,1000,9:15:17,466,68165,68990,5956
591,1397/7/24 9:15:17,100,68650,81,68600,68700,1976,9:15:20,70,68330,68850,300,9:15:22,1018,68330,68900,736,9:15:17,2000,68200,68989,1000,9:15:17,466,68165,68990,5956
592,1397/7/24 9:15:17,100,68650,81,68600,68700,1976,9:15:20,70,68330,68850,300,9:15:24,1018,68330,68900,236,9:15:17,2000,68200,68989,1000,9:15:17,466,68165,68990,5956
593,1397/7/24 9:15:25,100,68650,35,68600,68700,1976,9:15:20,70,68330,68850,300,9:15:24,1018,68330,68900,236,9:15:17,2000,68200,68989,1000,9:15:17,466,68165,68990,5956
594,1397/7/24 9:15:28,270,68465,70,68330,68600,65,9:15:28,1018,68300,68700,1976,9:15:28,2000,68300,68850,300,9:15:28,466,68165,68900,236,9:15:28,10120,68161,68989,1000
595,1397/7/24 9:15:38,100,68550,1017,68500,68600,65,9:15:38,600,68350,68700,1976,9:15:38,70,68350,68850,300,9:15:38,1018,68300,68900,236,9:15:38,2000,68200,68989,1000
596,1397/7/24 9:15:39,100,68550,1017,68500,68600,235,9:15:38,600,68350,68700,1976,9:15:38,70,68350,68850,300,9:15:38,1018,68300,68900,236,9:15:38,2000,68200,68989,1000
597,1397/7/24 9:15:39,100,68550,1017,68500,68600,235,9:15:40,600,68350,68700,2176,9:15:40,70,68350,68850,100,9:15:38,1018,68300,68900,236,9:15:38,2000,68200,68989,1000
598,1397/7/24 9:15:39,100,68550,1017,68500,68600,235,9:15:40,600,68350,68700,2176,9:15:40,70,68350,68850,100,9:15:46,1486,68300,68900,236,9:15:38,2000,68200,68989,1000
599,1397/7/24 9:15:39,100,68550,1017,68500,68600,235,9:15:40,600,68350,68700,2176,9:15:48,5070,68350,68850,100,9:15:46,1486,68300,68900,236,9:15:38,2000,68200,68989,1000
600,1397/7/24 9:15:52,100,68550,1017,68500,68600,165,9:15:40,600,68350,68700,2176,9:15:52,5000,68350,68850,100,9:15:46,1486,68300,68900,236,9:15:38,2000,68200,68989,1000
601,1397/7/24 9:15:53,100,68550,787,68500,68600,165,9:15:40,600,68350,68700,2176,9:15:52,5000,68350,68850,100,9:15:46,1486,68300,68900,236,9:15:38,2000,68200,68989,1000
602,1397/7/24 9:15:53,100,68550,787,68500,68600,165,9:15:40,600,68350,68700,2176,9:15:54,2000,68350,68850,100,9:15:54,5000,68330,68900,236,9:15:54,1486,68300,68989,1000
603,1397/7/24 9:15:53,100,68550,787,68500,68600,165,9:15:57,1018,68400,68700,2176,9:15:57,600,68400,68850,100,9:15:57,2000,68331,68900,236,9:15:57,5000,68330,68989,1000
604,1397/7/24 9:15:59,200,68600,787,68500,68700,2141,9:15:59,1018,68400,68850,100,9:15:59,600,68400,68900,236,9:15:59,2000,68331,68989,1000,9:15:59,5000,68330,68990,5956
605,1397/7/24 9:16:00,100,68650,165,68600,68700,2141,9:16:00,787,68500,68850,100,9:16:00,1018,68500,68900,236,9:16:00,600,68350,68989,1000,9:16:00,2000,68331,68990,5956
606,1397/7/24 9:16:02,100,68650,599,68600,68700,2141,9:16:00,787,68500,68850,100,9:16:00,1018,68500,68900,236,9:16:00,600,68350,68989,1000,9:16:00,2000,68331,68990,5956
607,1397/7/24 9:16:04,100,68650,599,68600,68700,141,9:16:00,787,68500,68850,100,9:16:00,1018,68500,68900,236,9:16:00,600,68350,68989,1000,9:16:00,2000,68331,68990,5956
608,1397/7/24 9:16:04,100,68650,599,68600,68700,141,9:16:08,4000,68501,68850,100,9:16:08,787,68501,68900,236,9:16:08,1018,68400,68989,1000,9:16:08,600,68350,68990,5956
609,1397/7/24 9:16:12,100,68650,499,68600,68700,141,9:16:08,4000,68501,68850,100,9:16:08,787,68501,68900,236,9:16:08,1018,68400,68989,1000,9:16:08,600,68350,68990,5956
610,1397/7/24 9:16:12,100,68650,499,68600,68700,141,9:16:08,4000,68501,68850,100,9:16:08,787,68501,68900,236,9:16:08,1018,68400,68989,1000,9:16:14,110,68352,68990,5956
611,1397/7/24 9:16:16,100,68650,499,68600,68700,41,9:16:08,4000,68501,68850,100,9:16:08,787,68501,68900,236,9:16:08,1018,68400,68989,1000,9:16:14,110,68352,68990,5956
612,1397/7/24 9:16:18,150,68775,4959,68700,68850,100,9:16:18,499,68600,68900,236,9:16:18,4000,68600,68989,1000,9:16:18,787,68500,68990,5956,9:16:18,1018,68400,68997,1000
613,1397/7/24 9:16:21,150,68775,5959,68700,68850,100,9:16:18,499,68600,68900,236,9:16:18,4000,68600,68989,1000,9:16:18,787,68500,68990,5956,9:16:18,1018,68400,68997,1000
614,1397/7/24 9:16:21,150,68775,5959,68700,68850,100,9:16:18,499,68600,68900,236,9:16:23,4000,68600,68989,5000,9:16:18,787,68500,68990,5956,9:16:18,1018,68400,68997,1000
615,1397/7/24 9:16:21,150,68775,5959,68700,68850,100,9:16:25,1000,68650,68900,236,9:16:25,499,68650,68989,5000,9:16:25,4000,68501,68990,5956,9:16:25,787,68500,68997,1000
616,1397/7/24 9:16:33,150,68775,5985,68700,68850,100,9:16:25,1000,68650,68900,236,9:16:25,499,68650,68989,5000,9:16:25,4000,68501,68990,5956,9:16:25,787,68500,68997,1000
617,1397/7/24 9:16:34,150,68775,6585,68700,68850,100,9:16:25,1000,68650,68900,236,9:16:25,499,68650,68989,5000,9:16:25,4000,68501,68990,5956,9:16:25,787,68500,68997,1000
618,1397/7/24 9:16:40,150,68775,7485,68700,68850,100,9:16:25,1000,68650,68900,236,9:16:25,499,68650,68989,5000,9:16:25,4000,68501,68990,5956,9:16:25,787,68500,68997,1000
619,1397/7/24 9:16:47,200,68800,7485,68700,68900,236,9:16:47,1000,68650,68989,5000,9:16:47,499,68650,68990,5956,9:16:47,4000,68501,68997,1000,9:16:47,787,68500,68999,2191
620,1397/7/24 9:16:53,50,68875,100,68850,68900,236,9:16:53,7485,68700,68989,5000,9:16:53,1000,68700,68990,5956,9:16:53,499,68600,68997,1000,9:16:53,4000,68501,68999,2191
621,1397/7/24 9:16:58,139,68919,100,68850,68989,5000,9:16:58,7485,68700,68990,5956,9:16:58,1000,68700,68997,1000,9:16:58,499,68600,68999,2191,9:16:58,4000,68501,69000,13110
622,1397/7/24 9:17:08,139,68919,1000,68850,68989,5000,9:17:08,6585,68700,68990,5956,9:16:58,1000,68700,68997,1000,9:16:58,499,68600,68999,2191,9:16:58,4000,68501,69000,13110
623,1397/7/24 9:17:08,139,68919,1000,68850,68989,5000,9:17:08,6585,68700,68990,5956,9:16:58,1000,68700,68997,1000,9:16:58,499,68600,68999,2191,9:17:09,4000,68501,69000,13060
