,time1,Spread,Mid-price,volume_buy1,price_buy1,price_sell1,volume_sell1,time2,volume_buy2,price_buy2,price_sell2,volume_sell2,time3,volume_buy3,price_buy3,price_sell3,volume_sell3,time4,volume_buy4,price_buy4,price_sell4,volume_sell4,time5,volume_buy5,price_buy5,price_sell5,volume_sell5
0,1397/7/16 6:01:23,4499,56250,100,54001,58500,120,6:01:23,0,0,59097,100,6:01:23,0,0,59200,100,6:01:23,0,0,59498,219,6:01:23,0,0,60000,6320
1,1397/7/16 8:30:03,846,54424,100,54001,54847,900,8:30:03,0,0,58500,120,8:30:03,0,0,59097,100,8:30:03,0,0,59200,100,8:30:03,0,0,59498,219
2,1397/7/16 8:30:07,846,54424,100,54001,54847,4513,8:30:03,0,0,58500,120,8:30:03,0,0,59097,100,8:30:03,0,0,59200,100,8:30:03,0,0,59498,219
3,1397/7/16 8:30:09,846,54424,100,54001,54847,5465,8:30:03,0,0,58500,120,8:30:03,0,0,59097,100,8:30:03,0,0,59200,100,8:30:03,0,0,59498,219
4,1397/7/16 8:30:10,846,54424,100,54001,54847,6185,8:30:03,0,0,58500,120,8:30:03,0,0,59097,100,8:30:03,0,0,59200,100,8:30:03,0,0,59498,219
5,1397/7/16 8:30:11,846,54424,100,54001,54847,15825,8:30:03,0,0,58500,120,8:30:03,0,0,59097,100,8:30:03,0,0,59200,100,8:30:03,0,0,59498,219
6,1397/7/16 8:30:14,846,54424,100,54001,54847,17412,8:30:03,0,0,58500,120,8:30:03,0,0,59097,100,8:30:03,0,0,59200,100,8:30:03,0,0,59498,219
7,1397/7/16 8:30:16,846,54424,100,54001,54847,13799,8:30:03,0,0,58500,120,8:30:03,0,0,59097,100,8:30:03,0,0,59200,100,8:30:03,0,0,59498,219
8,1397/7/16 8:30:17,0,54847,542,54847,54847,13799,8:30:17,100,54001,58500,120,8:30:03,0,54001,59097,100,8:30:03,0,0,59200,100,8:30:03,0,0,59498,219
9,1397/7/16 8:30:21,0,54847,542,54847,54847,13800,8:30:17,100,54001,58500,120,8:30:03,0,54001,59097,100,8:30:03,0,0,59200,100,8:30:03,0,0,59498,219
10,1397/7/16 8:30:31,0,54847,542,54847,54847,13801,8:30:17,100,54001,58500,120,8:30:03,0,54001,59097,100,8:30:03,0,0,59200,100,8:30:03,0,0,59498,219
11,1397/7/16 8:30:43,0,54847,1542,54847,54847,13801,8:30:17,100,54001,58500,120,8:30:03,0,54001,59097,100,8:30:03,0,0,59200,100,8:30:03,0,0,59498,219
12,1397/7/16 8:30:47,0,54847,1542,54847,54847,16001,8:30:17,100,54001,58500,120,8:30:03,0,54001,59097,100,8:30:03,0,0,59200,100,8:30:03,0,0,59498,219
13,1397/7/16 8:30:47,0,54847,1542,54847,54847,16001,8:30:48,100,54001,58500,1060,8:30:03,0,54001,59097,100,8:30:03,0,0,59200,100,8:30:03,0,0,59498,219
14,1397/7/16 8:30:53,0,54847,1542,54847,54847,16187,8:30:48,100,54001,58500,1060,8:30:03,0,54001,59097,100,8:30:03,0,0,59200,100,8:30:03,0,0,59498,219
15,1397/7/16 8:30:57,0,54847,1542,54847,54847,30109,8:30:48,100,54001,58500,1060,8:30:03,0,54001,59097,100,8:30:03,0,0,59200,100,8:30:03,0,0,59498,219
16,1397/7/16 8:30:59,0,54847,1588,54847,54847,30109,8:30:48,100,54001,58500,1060,8:30:03,0,54001,59097,100,8:30:03,0,0,59200,100,8:30:03,0,0,59498,219
17,1397/7/16 8:31:05,0,54847,1588,54847,54847,30459,8:30:48,100,54001,58500,1060,8:30:03,0,54001,59097,100,8:30:03,0,0,59200,100,8:30:03,0,0,59498,219
18,1397/7/16 8:31:13,0,54847,1948,54847,54847,30459,8:30:48,100,54001,58500,1060,8:30:03,0,54001,59097,100,8:30:03,0,0,59200,100,8:30:03,0,0,59498,219
19,1397/7/16 8:31:16,0,54847,1993,54847,54847,30459,8:30:48,100,54001,58500,1060,8:30:03,0,54001,59097,100,8:30:03,0,0,59200,100,8:30:03,0,0,59498,219
20,1397/7/16 8:31:22,0,54847,7993,54847,54847,30459,8:30:48,100,54001,58500,1060,8:30:03,0,54001,59097,100,8:30:03,0,0,59200,100,8:30:03,0,0,59498,219
21,1397/7/16 8:31:30,0,54847,7993,54847,54847,31283,8:30:48,100,54001,58500,1060,8:30:03,0,54001,59097,100,8:30:03,0,0,59200,100,8:30:03,0,0,59498,219
22,1397/7/16 8:31:30,0,54847,7993,54847,54847,31283,8:31:34,100,54001,57503,318,8:31:34,0,54001,58500,1060,8:31:34,0,0,59097,100,8:31:34,0,0,59200,100
23,1397/7/16 8:31:56,0,54847,8123,54847,54847,31283,8:31:34,100,54001,57503,318,8:31:34,0,54001,58500,1060,8:31:34,0,0,59097,100,8:31:34,0,0,59200,100
24,1397/7/16 8:32:16,0,54847,8304,54847,54847,31283,8:31:34,100,54001,57503,318,8:31:34,0,54001,58500,1060,8:31:34,0,0,59097,100,8:31:34,0,0,59200,100
25,1397/7/16 8:32:23,0,54847,9395,54847,54847,31283,8:31:34,100,54001,57503,318,8:31:34,0,54001,58500,1060,8:31:34,0,0,59097,100,8:31:34,0,0,59200,100
26,1397/7/16 8:32:29,0,54847,12795,54847,54847,31283,8:31:34,100,54001,57503,318,8:31:34,0,54001,58500,1060,8:31:34,0,0,59097,100,8:31:34,0,0,59200,100
27,1397/7/16 8:32:30,0,54847,14395,54847,54847,31283,8:31:34,100,54001,57503,318,8:32:30,0,54001,57999,750,8:32:30,0,0,58500,1060,8:32:30,0,0,59097,100
28,1397/7/16 8:32:35,0,54847,14395,54847,54847,31336,8:31:34,100,54001,57503,318,8:32:30,0,54001,57999,750,8:32:30,0,0,58500,1060,8:32:30,0,0,59097,100
29,1397/7/16 8:32:35,0,54847,14395,54847,54847,31336,8:31:34,100,54001,57503,318,8:32:30,0,54001,57999,750,8:32:30,0,0,58500,1060,8:32:39,0,0,59050,1000
30,1397/7/16 8:32:43,0,54847,14395,54847,54847,32086,8:31:34,100,54001,57503,318,8:32:30,0,54001,57999,750,8:32:30,0,0,58500,1060,8:32:39,0,0,59050,1000
31,1397/7/16 8:32:54,0,54847,16264,54847,54847,32086,8:31:34,100,54001,57503,318,8:32:30,0,54001,57999,750,8:32:30,0,0,58500,1060,8:32:39,0,0,59050,1000
32,1397/7/16 8:32:59,0,54847,16264,54847,54847,32166,8:31:34,100,54001,57503,318,8:32:30,0,54001,57999,750,8:32:30,0,0,58500,1060,8:32:39,0,0,59050,1000
33,1397/7/16 8:33:00,0,54847,16264,54847,54847,32706,8:31:34,100,54001,57503,318,8:32:30,0,54001,57999,750,8:32:30,0,0,58500,1060,8:32:39,0,0,59050,1000
34,1397/7/16 8:33:05,0,54847,16807,54847,54847,32706,8:31:34,100,54001,57503,318,8:32:30,0,54001,57999,750,8:32:30,0,0,58500,1060,8:32:39,0,0,59050,1000
35,1397/7/16 8:33:11,0,54847,16907,54847,54847,32706,8:31:34,100,54001,57503,318,8:32:30,0,54001,57999,750,8:32:30,0,0,58500,1060,8:32:39,0,0,59050,1000
36,1397/7/16 8:33:15,0,54847,16907,54847,54847,33706,8:31:34,100,54001,57503,318,8:32:30,0,54001,57999,750,8:32:30,0,0,58500,1060,8:32:39,0,0,59050,1000
37,1397/7/16 8:33:22,0,54847,17687,54847,54847,33706,8:31:34,100,54001,57503,318,8:32:30,0,54001,57999,750,8:32:30,0,0,58500,1060,8:32:39,0,0,59050,1000
38,1397/7/16 8:33:25,0,54847,117687,54847,54847,33706,8:31:34,100,54001,57503,318,8:32:30,0,54001,57999,750,8:32:30,0,0,58500,1060,8:32:39,0,0,59050,1000
39,1397/7/16 8:33:33,0,54847,117687,54847,54847,33806,8:31:34,100,54001,57503,318,8:32:30,0,54001,57999,750,8:32:30,0,0,58500,1060,8:32:39,0,0,59050,1000
40,1397/7/16 8:33:39,0,54847,117787,54847,54847,33806,8:31:34,100,54001,57503,318,8:32:30,0,54001,57999,750,8:32:30,0,0,58500,1060,8:32:39,0,0,59050,1000
41,1397/7/16 8:33:48,0,54847,121787,54847,54847,33806,8:31:34,100,54001,57503,318,8:32:30,0,54001,57999,750,8:32:30,0,0,58500,1060,8:32:39,0,0,59050,1000
42,1397/7/16 8:33:49,0,54847,126787,54847,54847,33806,8:31:34,100,54001,57503,318,8:32:30,0,54001,57999,750,8:32:30,0,0,58500,1060,8:32:39,0,0,59050,1000
43,1397/7/16 8:33:53,0,54847,126807,54847,54847,33806,8:31:34,100,54001,57503,318,8:32:30,0,54001,57999,750,8:32:30,0,0,58500,1060,8:32:39,0,0,59050,1000
44,1397/7/16 8:33:56,0,54847,126917,54847,54847,33806,8:31:34,100,54001,57503,318,8:32:30,0,54001,57999,750,8:32:30,0,0,58500,1060,8:32:39,0,0,59050,1000
45,1397/7/16 8:34:24,0,54847,127117,54847,54847,33806,8:31:34,100,54001,57503,318,8:32:30,0,54001,57999,750,8:32:30,0,0,58500,1060,8:32:39,0,0,59050,1000
46,1397/7/16 8:34:28,0,54847,127812,54847,54847,33806,8:31:34,100,54001,57503,318,8:32:30,0,54001,57999,750,8:32:30,0,0,58500,1060,8:32:39,0,0,59050,1000
47,1397/7/16 8:34:35,0,54847,128812,54847,54847,33806,8:31:34,100,54001,57503,318,8:32:30,0,54001,57999,750,8:32:30,0,0,58500,1060,8:32:39,0,0,59050,1000
48,1397/7/16 8:34:40,0,54847,128812,54847,54847,31607,8:31:34,100,54001,57503,318,8:32:30,0,54001,57999,750,8:32:30,0,0,58500,1060,8:32:39,0,0,59050,1000
49,1397/7/16 8:34:41,0,54847,128812,54847,54847,31657,8:31:34,100,54001,57503,318,8:32:30,0,54001,57999,750,8:32:30,0,0,58500,1060,8:32:39,0,0,59050,1000
50,1397/7/16 8:34:41,0,54847,128812,54847,54847,31657,8:31:34,100,54001,57503,318,8:32:30,0,54001,57999,750,8:32:30,0,0,58500,1060,8:34:43,0,0,59000,4018
51,1397/7/16 8:34:44,0,54847,130312,54847,54847,31657,8:31:34,100,54001,57503,318,8:32:30,0,54001,57999,750,8:32:30,0,0,58500,1060,8:34:43,0,0,59000,4018
52,1397/7/16 8:34:47,0,54847,131562,54847,54847,31657,8:31:34,100,54001,57503,318,8:32:30,0,54001,57999,750,8:32:30,0,0,58500,1060,8:34:43,0,0,59000,4018
53,1397/7/16 8:34:49,0,54847,131562,54847,54847,32857,8:31:34,100,54001,57503,318,8:32:30,0,54001,57999,750,8:32:30,0,0,58500,1060,8:34:43,0,0,59000,4018
54,1397/7/16 8:34:52,0,54847,131562,54847,54847,32317,8:31:34,100,54001,57503,318,8:32:30,0,54001,57999,750,8:32:30,0,0,58500,1060,8:34:43,0,0,59000,4018
55,1397/7/16 8:35:11,0,54847,136582,54847,54847,32317,8:31:34,100,54001,57503,318,8:32:30,0,54001,57999,750,8:32:30,0,0,58500,1060,8:34:43,0,0,59000,4018
56,1397/7/16 8:35:14,0,54847,136674,54847,54847,32317,8:31:34,100,54001,57503,318,8:32:30,0,54001,57999,750,8:32:30,0,0,58500,1060,8:34:43,0,0,59000,4018
57,1397/7/16 8:35:15,0,54847,136793,54847,54847,32317,8:31:34,100,54001,57503,318,8:32:30,0,54001,57999,750,8:32:30,0,0,58500,1060,8:34:43,0,0,59000,4018
58,1397/7/16 8:35:35,0,54847,138793,54847,54847,32317,8:31:34,100,54001,57503,318,8:32:30,0,54001,57999,750,8:32:30,0,0,58500,1060,8:34:43,0,0,59000,4018
59,1397/7/16 8:35:50,0,54847,140365,54847,54847,32317,8:31:34,100,54001,57503,318,8:32:30,0,54001,57999,750,8:32:30,0,0,58500,1060,8:34:43,0,0,59000,4018
60,1397/7/16 8:36:07,0,54847,140565,54847,54847,32317,8:31:34,100,54001,57503,318,8:32:30,0,54001,57999,750,8:32:30,0,0,58500,1060,8:34:43,0,0,59000,4018
61,1397/7/16 8:36:09,0,54847,140565,54847,54847,33080,8:31:34,100,54001,57503,318,8:32:30,0,54001,57999,750,8:32:30,0,0,58500,1060,8:34:43,0,0,59000,4018
62,1397/7/16 8:37:01,0,54848,22929,54848,54848,33080,8:37:01,125636,54847,57503,318,8:37:01,100,54847,57999,750,8:32:30,0,0,58500,1060,8:34:43,0,0,59000,4018
63,1397/7/16 8:37:10,0,54848,21679,54848,54848,33080,8:37:10,126886,54847,57503,318,8:37:01,100,54847,57999,750,8:32:30,0,0,58500,1060,8:34:43,0,0,59000,4018
64,1397/7/16 8:37:16,0,54848,21786,54848,54848,33080,8:37:10,126886,54847,57503,318,8:37:01,100,54847,57999,750,8:32:30,0,0,58500,1060,8:34:43,0,0,59000,4018
65,1397/7/16 8:37:16,0,54848,21786,54848,54848,33080,8:37:10,126886,54847,57503,318,8:37:01,100,54847,57999,750,8:32:30,0,0,58500,1060,8:37:31,0,0,59000,4918
66,1397/7/16 8:37:16,0,54848,21786,54848,54848,33080,8:37:35,127249,54847,57503,318,8:37:01,100,54847,57999,750,8:32:30,0,0,58500,1060,8:37:31,0,0,59000,4918
67,1397/7/16 8:37:16,0,54848,21786,54848,54848,33080,8:37:53,127249,54847,57000,900,8:37:53,100,54847,57503,318,8:37:53,0,0,57999,750,8:37:53,0,0,58500,1060
68,1397/7/16 8:38:01,0,54848,23313,54848,54848,33080,8:37:53,127249,54847,57000,900,8:37:53,100,54847,57503,318,8:37:53,0,0,57999,750,8:37:53,0,0,58500,1060
69,1397/7/16 8:38:19,0,54849,33640,54849,54849,33080,8:38:19,9673,54848,57000,900,8:38:19,127249,54848,57503,318,8:38:19,100,54001,57999,750,8:37:53,0,0,58500,1060
70,1397/7/16 8:38:27,0,54849,34040,54849,54849,33080,8:38:19,9673,54848,57000,900,8:38:19,127249,54848,57503,318,8:38:19,100,54001,57999,750,8:37:53,0,0,58500,1060
71,1397/7/16 8:38:35,0,54849,35040,54849,54849,33080,8:38:19,9673,54848,57000,900,8:38:19,127249,54848,57503,318,8:38:19,100,54001,57999,750,8:37:53,0,0,58500,1060
72,1397/7/16 8:38:35,0,54849,35040,54849,54849,33080,8:38:19,9673,54848,57000,900,8:38:44,127349,54848,57503,318,8:38:19,100,54001,57999,750,8:37:53,0,0,58500,1060
73,1397/7/16 8:38:48,0,54849,37040,54849,54849,33080,8:38:19,9673,54848,57000,900,8:38:44,127349,54848,57503,318,8:38:19,100,54001,57999,750,8:37:53,0,0,58500,1060
74,1397/7/16 8:38:55,0,54850,35013,54850,54850,33080,8:38:55,2027,54849,57000,900,8:38:55,9673,54849,57503,318,8:38:55,127349,54847,57999,750,8:38:55,100,54001,58500,1060
75,1397/7/16 8:38:55,0,54850,35013,54850,54850,33080,8:38:55,2027,54849,57000,900,8:38:55,9673,54849,57503,318,8:38:58,127439,54847,57999,750,8:38:55,100,54001,58500,1060
76,1397/7/16 8:38:55,0,54850,35013,54850,54850,33080,8:38:55,2027,54849,57000,900,8:38:55,9673,54849,57503,318,8:39:04,126439,54847,57999,750,8:38:55,100,54001,58500,1060
77,1397/7/16 8:39:06,0,54850,36533,54850,54850,33080,8:39:06,500,54849,57000,900,8:38:55,9673,54849,57503,318,8:39:04,126439,54847,57999,750,8:38:55,100,54001,58500,1060
78,1397/7/16 8:39:15,0,54859,30883,54859,54859,33080,8:39:15,4000,54851,57000,900,8:39:15,1650,54851,57503,318,8:39:15,500,54849,57999,750,8:39:15,9673,54848,58500,1060
79,1397/7/16 8:39:17,0,54860,30883,54860,54860,33080,8:39:17,5000,54859,57000,900,8:39:17,4000,54859,57503,318,8:39:17,1650,54850,57999,750,8:39:17,1500,54849,58500,1060
80,1397/7/16 8:39:17,0,54860,30883,54860,54860,33080,8:39:17,5000,54859,57000,900,8:39:17,4000,54859,57503,318,8:39:22,130,54850,57999,750,8:39:17,1500,54849,58500,1060
81,1397/7/16 8:39:25,0,54860,30883,54860,54860,33670,8:39:17,5000,54859,57000,900,8:39:17,4000,54859,57503,318,8:39:22,130,54850,57999,750,8:39:17,1500,54849,58500,1060
82,1397/7/16 8:39:27,0,54860,35883,54860,54860,33670,8:39:17,5000,54859,57000,900,8:39:17,4000,54859,57503,318,8:39:22,130,54850,57999,750,8:39:17,1500,54849,58500,1060
83,1397/7/16 8:39:46,0,55000,17883,55000,55000,33670,8:39:46,23000,54860,57000,900,8:39:46,5000,54860,57503,318,8:39:46,4000,54851,57999,750,8:39:46,130,54850,58500,1060
84,1397/7/16 8:39:50,0,55000,17888,55000,55000,33670,8:39:46,23000,54860,57000,900,8:39:46,5000,54860,57503,318,8:39:46,4000,54851,57999,750,8:39:46,130,54850,58500,1060
85,1397/7/16 8:39:50,0,55000,17888,55000,55000,33670,8:40:01,1500,54900,57000,900,8:40:01,23000,54900,57503,318,8:40:01,5000,54859,57999,750,8:40:01,4000,54851,58500,1060
86,1397/7/16 8:40:26,0,55000,17888,55000,55000,34831,8:40:01,1500,54900,57000,900,8:40:01,23000,54900,57503,318,8:40:01,5000,54859,57999,750,8:40:01,4000,54851,58500,1060
87,1397/7/16 8:40:34,0,55000,19788,55000,55000,34831,8:40:01,1500,54900,57000,900,8:40:01,23000,54900,57503,318,8:40:01,5000,54859,57999,750,8:40:01,4000,54851,58500,1060
88,1397/7/16 8:40:34,0,55000,19788,55000,55000,34831,8:40:01,1500,54900,57000,900,8:40:57,107,54900,57503,318,8:40:57,23000,54860,57999,750,8:40:57,5000,54859,58500,1060
89,1397/7/16 8:41:01,0,55000,19888,55000,55000,34831,8:40:01,1500,54900,57000,900,8:40:57,107,54900,57503,318,8:40:57,23000,54860,57999,750,8:40:57,5000,54859,58500,1060
90,1397/7/16 8:41:02,0,55000,19888,55000,55000,33670,8:40:01,1500,54900,57000,900,8:40:57,107,54900,57503,318,8:40:57,23000,54860,57999,750,8:40:57,5000,54859,58500,1060
91,1397/7/16 8:41:02,0,55000,19888,55000,55000,33670,8:40:01,1500,54900,57000,900,8:40:57,107,54900,57503,318,8:41:12,20000,54860,57999,750,8:40:57,5000,54859,58500,1060
92,1397/7/16 8:41:14,0,55000,19995,55000,55000,33670,8:40:01,1500,54900,57000,900,8:41:14,20000,54900,57503,318,8:41:14,5000,54859,57999,750,8:41:14,4000,54851,58500,1060
93,1397/7/16 8:41:16,0,55000,21245,55000,55000,33670,8:40:01,1500,54900,57000,900,8:41:14,20000,54900,57503,318,8:41:14,5000,54859,57999,750,8:41:14,4000,54851,58500,1060
94,1397/7/16 8:41:22,0,55000,21245,55000,55000,34820,8:40:01,1500,54900,57000,900,8:41:14,20000,54900,57503,318,8:41:14,5000,54859,57999,750,8:41:14,4000,54851,58500,1060
95,1397/7/16 8:41:35,0,55000,21145,55000,55000,34820,8:40:01,1500,54900,57000,900,8:41:35,20100,54900,57503,318,8:41:14,5000,54859,57999,750,8:41:14,4000,54851,58500,1060
96,1397/7/16 8:41:41,0,55000,41145,55000,55000,34820,8:40:01,1500,54900,57000,900,8:41:41,100,54900,57503,318,8:41:14,5000,54859,57999,750,8:41:14,4000,54851,58500,1060
97,1397/7/16 8:41:45,0,55001,29356,55001,55001,34820,8:41:45,11789,55000,57000,900,8:41:45,1500,55000,57503,318,8:41:45,100,54860,57999,750,8:41:45,5000,54859,58500,1060
98,1397/7/16 8:41:45,0,55001,29356,55001,55001,34820,8:41:45,11789,55000,57000,900,8:41:45,1500,55000,57503,318,8:41:50,1000,54861,57999,750,8:41:50,100,54860,58500,1060
99,1397/7/16 8:41:53,0,55001,30436,55001,55001,34820,8:41:45,11789,55000,57000,900,8:41:45,1500,55000,57503,318,8:41:50,1000,54861,57999,750,8:41:50,100,54860,58500,1060
100,1397/7/16 8:42:13,0,55001,31436,55001,55001,34820,8:41:45,11789,55000,57000,900,8:41:45,1500,55000,57503,318,8:41:50,1000,54861,57999,750,8:41:50,100,54860,58500,1060
101,1397/7/16 8:42:50,0,55001,31436,55001,55001,34912,8:41:45,11789,55000,57000,900,8:41:45,1500,55000,57503,318,8:41:50,1000,54861,57999,750,8:41:50,100,54860,58500,1060
102,1397/7/16 8:42:59,0,55001,32436,55001,55001,34912,8:41:45,11789,55000,57000,900,8:41:45,1500,55000,57503,318,8:41:50,1000,54861,57999,750,8:42:59,100,54860,58000,500
103,1397/7/16 8:42:59,0,55001,32436,55001,55001,34912,8:41:45,11789,55000,57000,900,8:43:26,1600,55000,57503,318,8:41:50,1000,54861,57999,750,8:42:59,100,54860,58000,500
104,1397/7/16 8:43:44,0,55001,31436,55001,55001,34912,8:41:45,11789,55000,57000,900,8:43:26,1600,55000,57503,318,8:41:50,1000,54861,57999,750,8:42:59,100,54860,58000,500
105,1397/7/16 8:43:44,0,55001,31436,55001,55001,34912,8:41:45,11789,55000,57000,900,8:43:26,1600,55000,57503,318,8:43:51,130,54880,57999,750,8:43:51,1000,54861,58000,500
106,1397/7/16 8:44:04,0,55001,31436,55001,55001,35662,8:41:45,11789,55000,57000,900,8:43:26,1600,55000,57503,318,8:43:51,130,54880,57999,750,8:43:51,1000,54861,58000,500
107,1397/7/16 8:44:15,0,55001,31436,55001,55001,34512,8:41:45,11789,55000,57000,900,8:43:26,1600,55000,57503,318,8:43:51,130,54880,57999,750,8:43:51,1000,54861,58000,500
108,1397/7/16 8:44:15,0,55001,31436,55001,55001,34512,8:41:45,11789,55000,57000,900,8:43:26,1600,55000,57503,318,8:44:31,130,54880,57998,27,8:44:31,1000,54861,57999,750
109,1397/7/16 8:44:57,0,55001,31436,55001,55001,34988,8:41:45,11789,55000,57000,900,8:43:26,1600,55000,57503,318,8:44:31,130,54880,57998,27,8:44:31,1000,54861,57999,750
110,1397/7/16 8:45:01,0,55000,28225,55000,55000,34398,8:45:01,1600,54900,55001,590,8:45:01,130,54900,57000,900,8:45:01,1000,54861,57503,318,8:45:01,100,54860,57998,27
111,1397/7/16 8:45:13,0,55000,28225,55000,55000,33574,8:45:01,1600,54900,55001,590,8:45:01,130,54900,57000,900,8:45:01,1000,54861,57503,318,8:45:01,100,54860,57998,27
112,1397/7/16 8:45:19,0,55000,23225,55000,55000,33574,8:45:01,1600,54900,55001,590,8:45:01,130,54900,57000,900,8:45:01,1000,54861,57503,318,8:45:01,100,54860,57998,27
113,1397/7/16 8:45:27,0,55000,23225,55000,55000,34478,8:45:01,1600,54900,55001,590,8:45:01,130,54900,57000,900,8:45:01,1000,54861,57503,318,8:45:01,100,54860,57998,27
114,1397/7/16 8:45:33,0,55001,31436,55001,55001,35068,8:45:33,11789,55000,57000,900,8:45:33,1600,55000,57503,318,8:45:33,130,54880,57998,27,8:45:33,1000,54861,57999,750
115,1397/7/16 8:45:41,0,55001,31436,55001,55001,34318,8:45:33,11789,55000,57000,900,8:45:33,1600,55000,57503,318,8:45:33,130,54880,57998,27,8:45:33,1000,54861,57999,750
116,1397/7/16 8:46:18,0,55001,31436,55001,55001,34378,8:45:33,11789,55000,57000,900,8:45:33,1600,55000,57503,318,8:45:33,130,54880,57998,27,8:45:33,1000,54861,57999,750
117,1397/7/16 8:46:32,0,55001,38436,55001,55001,34378,8:45:33,11789,55000,57000,900,8:45:33,1600,55000,57503,318,8:45:33,130,54880,57998,27,8:45:33,1000,54861,57999,750
118,1397/7/16 8:47:08,0,55001,41236,55001,55001,34378,8:45:33,11789,55000,57000,900,8:45:33,1600,55000,57503,318,8:45:33,130,54880,57998,27,8:45:33,1000,54861,57999,750
119,1397/7/16 8:47:08,0,55001,41236,55001,55001,34378,8:45:33,11789,55000,57000,900,8:47:16,2050,55000,57503,318,8:45:33,130,54880,57998,27,8:45:33,1000,54861,57999,750
120,1397/7/16 8:47:08,0,55001,41236,55001,55001,34378,8:45:33,11789,55000,57000,900,8:47:16,2050,55000,57503,318,8:47:37,130,54880,57998,300,8:45:33,1000,54861,57999,750
121,1397/7/16 8:47:48,0,60619,100110,60619,60619,114555,8:47:48,5,56677,60971,300,8:47:48,1091,56677,62600,341,8:47:48,1000,55021,62641,750,8:47:48,1080,55020,63093,30
122,1397/7/16 8:47:55,0,60619,100110,60619,60619,114335,8:47:48,5,56677,60971,300,8:47:48,1091,56677,62600,341,8:47:48,1000,55021,62641,750,8:47:48,1080,55020,63093,30
123,1397/7/16 8:48:07,0,60619,100110,60619,60619,113835,8:47:48,5,56677,60971,300,8:47:48,1091,56677,62600,341,8:47:48,1000,55021,62641,750,8:47:48,1080,55020,63093,30
124,1397/7/16 8:48:08,0,55001,41236,55001,55001,33658,8:48:08,11009,55000,57000,900,8:48:08,2050,55000,57503,318,8:48:08,130,54880,57998,300,8:48:08,1000,54861,57999,750
125,1397/7/16 8:48:11,0,55002,26436,55002,55002,24018,8:48:11,14800,55001,57000,900,8:48:11,11009,55001,57503,318,8:48:11,2050,54900,57998,300,8:48:11,130,54880,57999,750
126,1397/7/16 8:48:29,0,55002,26436,55002,55002,24518,8:48:11,14800,55001,57000,900,8:48:11,11009,55001,57503,318,8:48:11,2050,54900,57998,300,8:48:11,130,54880,57999,750
127,1397/7/16 8:48:34,0,55002,27216,55002,55002,24518,8:48:11,14800,55001,57000,900,8:48:11,11009,55001,57503,318,8:48:11,2050,54900,57998,300,8:48:11,130,54880,57999,750
128,1397/7/16 8:48:36,0,55011,27216,55011,55011,24518,8:48:11,14800,55001,57000,900,8:48:11,11009,55001,57503,318,8:48:11,2050,54900,57998,300,8:48:11,130,54880,57999,750
129,1397/7/16 8:48:36,0,55011,27216,55011,55011,24518,8:48:38,3400,55002,57000,900,8:48:38,14800,55002,57503,318,8:48:38,11009,55000,57998,300,8:48:38,2050,54900,57999,750
130,1397/7/16 8:48:36,0,55011,27216,55011,55011,24518,8:48:38,3400,55002,57000,900,8:48:38,14800,55002,57503,318,8:48:38,11009,55000,57998,300,8:48:55,500,54901,57999,750
131,1397/7/16 8:49:06,0,55007,27216,55007,55007,24518,8:48:38,3400,55002,57000,900,8:48:38,14800,55002,57503,318,8:48:38,11009,55000,57998,300,8:48:55,500,54901,57999,750
132,1397/7/16 8:49:06,0,55007,27216,55007,55007,24518,8:48:38,3400,55002,57000,900,8:49:08,14800,55002,57500,5500,8:49:08,11009,55000,57503,318,8:49:08,500,54901,57998,300
133,1397/7/16 8:49:10,0,55007,27216,55007,55007,24018,8:48:38,3400,55002,57000,900,8:49:08,14800,55002,57500,5500,8:49:08,11009,55000,57503,318,8:49:08,500,54901,57998,300
134,1397/7/16 8:49:15,0,55007,29916,55007,55007,24018,8:48:38,3400,55002,57000,900,8:49:08,14800,55002,57500,5500,8:49:08,11009,55000,57503,318,8:49:08,500,54901,57998,300
135,1397/7/16 8:49:20,0,55007,29961,55007,55007,24018,8:48:38,3400,55002,57000,900,8:49:08,14800,55002,57500,5500,8:49:08,11009,55000,57503,318,8:49:08,500,54901,57998,300
136,1397/7/16 8:49:32,0,55007,30361,55007,55007,24018,8:48:38,3400,55002,57000,900,8:49:08,14800,55002,57500,5500,8:49:08,11009,55000,57503,318,8:49:08,500,54901,57998,300
137,1397/7/16 8:49:35,0,55007,28661,55007,55007,24018,8:48:38,3400,55002,57000,900,8:49:08,14800,55002,57500,5500,8:49:08,11009,55000,57503,318,8:49:08,500,54901,57998,300
138,1397/7/16 8:49:40,0,55007,29021,55007,55007,24018,8:48:38,3400,55002,57000,900,8:49:08,14800,55002,57500,5500,8:49:40,10649,55000,57503,318,8:49:08,500,54901,57998,300
139,1397/7/16 8:49:45,0,55007,29021,55007,55007,24034,8:48:38,3400,55002,57000,900,8:49:08,14800,55002,57500,5500,8:49:40,10649,55000,57503,318,8:49:08,500,54901,57998,300
140,1397/7/16 8:49:45,0,55007,29021,55007,55007,24034,8:48:38,3400,55002,57000,900,8:49:08,14800,55002,57500,5500,8:50:03,12149,55000,57503,318,8:49:08,500,54901,57998,300
141,1397/7/16 8:50:16,0,55007,29021,55007,55007,24018,8:48:38,3400,55002,57000,900,8:49:08,14800,55002,57500,5500,8:50:03,12149,55000,57503,318,8:49:08,500,54901,57998,300
142,1397/7/16 8:50:29,0,55007,29563,55007,55007,24018,8:48:38,3400,55002,57000,900,8:49:08,14800,55002,57500,5500,8:50:29,11607,55000,57503,318,8:49:08,500,54901,57998,300
143,1397/7/16 8:50:35,0,55007,31063,55007,55007,24018,8:48:38,3400,55002,57000,900,8:49:08,14800,55002,57500,5500,8:50:35,10107,55000,57503,318,8:49:08,500,54901,57998,300
144,1397/7/16 8:50:35,0,55007,31063,55007,55007,24018,8:50:50,3400,55002,57000,916,8:49:08,14800,55002,57500,5500,8:50:35,10107,55000,57503,318,8:49:08,500,54901,57998,300
145,1397/7/16 8:50:53,0,55007,42063,55007,55007,24018,8:50:50,3400,55002,57000,916,8:49:08,14800,55002,57500,5500,8:50:35,10107,55000,57503,318,8:49:08,500,54901,57998,300
146,1397/7/16 8:51:27,0,55009,22663,55009,55009,24018,8:51:27,20400,55007,57000,916,8:51:27,3400,55007,57500,5500,8:51:27,14800,55001,57503,318,8:51:27,10107,55000,57998,300
147,1397/7/16 8:52:03,0,55009,24163,55009,55009,24018,8:51:27,20400,55007,57000,916,8:51:27,3400,55007,57500,5500,8:51:27,14800,55001,57503,318,8:51:27,10107,55000,57998,300
148,1397/7/16 8:52:24,0,55009,24363,55009,55009,24018,8:51:27,20400,55007,57000,916,8:51:27,3400,55007,57500,5500,8:51:27,14800,55001,57503,318,8:51:27,10107,55000,57998,300
149,1397/7/16 8:52:26,0,55009,24363,55009,55009,24358,8:51:27,20400,55007,57000,916,8:51:27,3400,55007,57500,5500,8:51:27,14800,55001,57503,318,8:51:27,10107,55000,57998,300
150,1397/7/16 8:52:35,0,55009,24503,55009,55009,24358,8:51:27,20400,55007,57000,916,8:51:27,3400,55007,57500,5500,8:51:27,14800,55001,57503,318,8:51:27,10107,55000,57998,300
151,1397/7/16 8:52:39,0,55010,43503,55010,55010,24358,8:52:39,1000,55009,57000,916,8:52:39,400,55009,57500,5500,8:52:39,3400,55002,57503,318,8:52:39,14800,55001,57998,300
152,1397/7/16 8:52:39,0,55010,43503,55010,55010,24358,8:52:41,1000,55009,57000,1916,8:52:39,400,55009,57500,5500,8:52:39,3400,55002,57503,318,8:52:39,14800,55001,57998,300
153,1397/7/16 8:52:42,0,55018,25503,55018,55018,24358,8:52:42,20000,55010,57000,1916,8:52:42,1000,55010,57500,5500,8:52:42,400,55007,57503,318,8:52:42,3400,55002,57998,300
154,1397/7/16 8:52:48,0,55019,23558,55019,55019,22771,8:52:48,1945,55018,57000,1916,8:52:48,20000,55018,57500,5500,8:52:48,1000,55009,57503,318,8:52:48,400,55007,57998,300
155,1397/7/16 8:52:51,0,55034,40228,55034,55034,22771,8:52:51,1000,55021,57000,1916,8:52:51,1080,55021,57500,5500,8:52:51,1250,55019,57503,318,8:52:51,1945,55018,57998,300
156,1397/7/16 8:52:53,0,55100,34649,55100,55100,22771,8:52:53,1000,55050,57000,1916,8:52:53,20000,55050,57500,5500,8:52:53,1000,55021,57503,318,8:52:53,1080,55020,57998,300
157,1397/7/16 8:53:07,0,55200,36638,55200,55200,22771,8:53:07,3400,55101,57000,1916,8:53:07,18011,55101,57500,5500,8:53:07,1000,55050,57503,318,8:53:07,1000,55021,57998,300
158,1397/7/16 8:53:07,0,55200,36638,55200,55200,22771,8:53:07,3400,55101,57000,1916,8:53:08,2590,55101,57500,5500,8:53:08,16421,55050,57503,318,8:53:07,1000,55021,57998,300
159,1397/7/16 8:53:17,0,55200,38638,55200,55200,22771,8:53:07,3400,55101,57000,1916,8:53:08,2590,55101,57500,5500,8:53:08,16421,55050,57503,318,8:53:07,1000,55021,57998,300
160,1397/7/16 8:53:22,0,55201,37596,55201,55201,22771,8:53:22,1042,55200,57000,1916,8:53:22,3400,55200,57500,5500,8:53:22,2590,55100,57503,318,8:53:22,16421,55050,57998,300
161,1397/7/16 8:53:27,0,55202,40996,55202,55202,22771,8:53:22,1042,55200,57000,1916,8:53:27,2590,55200,57500,5500,8:53:27,16421,55050,57503,318,8:53:27,1000,55021,57998,300
162,1397/7/16 8:53:34,0,55203,37596,55203,55203,22771,8:53:34,3400,55202,57000,1916,8:53:34,1042,55202,57500,5500,8:53:34,2590,55100,57503,318,8:53:34,16421,55050,57998,300
163,1397/7/16 8:53:42,0,55300,25505,55300,55300,22771,8:53:42,1091,55210,57000,1916,8:53:42,20000,55210,57500,5500,8:53:42,3400,55202,57503,318,8:53:42,1042,55200,57998,300
164,1397/7/16 8:53:54,0,55300,19505,55300,55300,22771,8:53:42,1091,55210,57000,1916,8:53:42,20000,55210,57500,5500,8:53:42,3400,55202,57503,318,8:53:42,1042,55200,57998,300
165,1397/7/16 8:53:56,0,55300,19905,55300,55300,22771,8:53:42,1091,55210,57000,1916,8:53:42,20000,55210,57500,5500,8:53:42,3400,55202,57503,318,8:53:42,1042,55200,57998,300
166,1397/7/16 8:54:00,0,55203,29996,55203,55203,22771,8:54:00,3400,55202,57000,1916,8:54:00,1042,55202,57500,5500,8:54:00,2602,55100,57503,318,8:54:00,16421,55050,57998,300
167,1397/7/16 8:54:11,0,55203,29996,55203,55203,21871,8:54:11,3400,55202,55300,900,8:54:11,1042,55202,57000,1916,8:54:11,2602,55100,57500,5500,8:54:11,16421,55050,57503,318
168,1397/7/16 8:54:12,0,55100,17040,55100,55100,21871,8:54:12,16421,55050,55300,900,8:54:12,1000,55050,57000,1916,8:54:12,1080,55020,57500,5500,8:54:12,1250,55019,57503,318
169,1397/7/16 8:54:13,0,55100,17130,55100,55100,21871,8:54:12,16421,55050,55300,900,8:54:12,1000,55050,57000,1916,8:54:12,1080,55020,57500,5500,8:54:12,1250,55019,57503,318
170,1397/7/16 8:54:17,0,55100,17130,55100,55100,21521,8:54:12,16421,55050,55300,900,8:54:12,1000,55050,57000,1916,8:54:12,1080,55020,57500,5500,8:54:12,1250,55019,57503,318
171,1397/7/16 8:54:19,0,55100,17128,55100,55100,21521,8:54:12,16421,55050,55300,900,8:54:12,1000,55050,57000,1916,8:54:12,1080,55020,57500,5500,8:54:12,1250,55019,57503,318
172,1397/7/16 8:54:19,0,55100,17128,55100,55100,21521,8:54:28,16421,55050,55300,1306,8:54:12,1000,55050,57000,1916,8:54:12,1080,55020,57500,5500,8:54:12,1250,55019,57503,318
173,1397/7/16 8:54:31,0,55100,17328,55100,55100,21521,8:54:28,16421,55050,55300,1306,8:54:12,1000,55050,57000,1916,8:54:12,1080,55020,57500,5500,8:54:12,1250,55019,57503,318
174,1397/7/16 8:54:32,0,55100,17208,55100,55100,21521,8:54:28,16421,55050,55300,1306,8:54:12,1000,55050,57000,1916,8:54:12,1080,55020,57500,5500,8:54:12,1250,55019,57503,318
175,1397/7/16 8:54:39,0,55100,17208,55100,55100,22421,8:54:39,16421,55050,55300,406,8:54:12,1000,55050,57000,1916,8:54:12,1080,55020,57500,5500,8:54:12,1250,55019,57503,318
176,1397/7/16 8:54:45,0,55100,17308,55100,55100,22421,8:54:39,16421,55050,55300,406,8:54:12,1000,55050,57000,1916,8:54:12,1080,55020,57500,5500,8:54:12,1250,55019,57503,318
177,1397/7/16 8:54:53,0,55150,15828,55150,55150,22421,8:54:53,2480,55100,55300,406,8:54:53,16421,55100,57000,1916,8:54:53,1000,55021,57500,5500,8:54:53,1080,55020,57503,318
178,1397/7/16 8:54:56,0,55150,15822,55150,55150,22421,8:54:53,2480,55100,55300,406,8:54:53,16421,55100,57000,1916,8:54:53,1000,55021,57500,5500,8:54:53,1080,55020,57503,318
179,1397/7/16 8:55:00,0,55150,16822,55150,55150,22421,8:54:53,2480,55100,55300,406,8:54:53,16421,55100,57000,1916,8:55:00,1000,55021,57500,5535,8:54:53,1080,55020,57503,318
180,1397/7/16 8:55:03,0,55200,26822,55200,55200,22421,8:55:03,1000,55150,55300,406,8:55:03,2480,55150,57000,1916,8:55:03,16421,55050,57500,5535,8:55:03,1000,55021,57503,318
181,1397/7/16 8:55:23,0,55150,16822,55150,55150,22421,8:55:23,2480,55100,55300,406,8:55:23,16421,55100,57000,1916,8:55:23,1000,55021,57500,5535,8:55:23,1080,55020,57503,318
182,1397/7/16 8:55:35,0,55200,17322,55200,55200,22421,8:55:35,1000,55150,55300,406,8:55:35,980,55150,57000,1916,8:55:35,16421,55050,57500,5535,8:55:35,1000,55021,57503,318
183,1397/7/16 8:55:39,0,55200,18222,55200,55200,22421,8:55:35,1000,55150,55300,406,8:55:35,980,55150,57000,1916,8:55:35,16421,55050,57500,5535,8:55:35,1000,55021,57503,318
184,1397/7/16 8:55:46,0,55200,18422,55200,55200,22421,8:55:35,1000,55150,55300,406,8:55:46,780,55150,57000,1916,8:55:35,16421,55050,57500,5535,8:55:35,1000,55021,57503,318
185,1397/7/16 8:55:52,0,55300,14980,55300,55300,22827,8:55:52,400,55220,57000,1916,8:55:52,3400,55220,57500,5535,8:55:52,3142,55200,57503,318,8:55:52,1000,55150,57998,300
186,1397/7/16 8:55:52,0,55300,14980,55300,55300,22827,8:55:52,400,55220,57000,1916,8:55:52,3400,55220,57500,5535,8:55:52,3142,55200,57503,318,8:56:21,1360,55150,57998,300
187,1397/7/16 8:56:26,0,55200,18422,55200,55200,22421,8:56:26,1360,55150,55300,406,8:56:26,780,55150,57000,1916,8:56:26,16421,55050,57500,5535,8:56:26,1000,55021,57503,318
188,1397/7/16 8:56:26,0,55200,18422,55200,55200,22421,8:56:42,1000,55150,55300,406,8:56:26,780,55150,57000,1916,8:56:42,16521,55050,57500,5535,8:56:42,1360,55021,57503,318
189,1397/7/16 8:56:56,0,55200,19322,55200,55200,22421,8:56:42,1000,55150,55300,406,8:56:26,780,55150,57000,1916,8:56:42,16521,55050,57500,5535,8:56:42,1360,55021,57503,318
190,1397/7/16 8:56:56,0,55200,19322,55200,55200,22421,8:56:42,1000,55150,55300,406,8:57:00,16521,55150,57000,1916,8:57:00,1360,55021,57500,5535,8:57:00,1080,55020,57503,318
191,1397/7/16 8:57:01,0,55202,17322,55202,55202,22421,8:57:01,2000,55200,55300,406,8:57:01,1000,55200,57000,1916,8:57:01,16521,55050,57500,5535,8:57:01,1360,55021,57503,318
192,1397/7/16 8:57:05,0,55202,18822,55202,55202,22421,8:57:01,2000,55200,55300,406,8:57:01,1000,55200,57000,1916,8:57:01,16521,55050,57500,5535,8:57:01,1360,55021,57503,318
193,1397/7/16 8:57:10,0,55202,19022,55202,55202,22421,8:57:10,1800,55200,55300,406,8:57:01,1000,55200,57000,1916,8:57:01,16521,55050,57500,5535,8:57:01,1360,55021,57503,318
194,1397/7/16 8:57:30,0,55202,19172,55202,55202,22421,8:57:10,1800,55200,55300,406,8:57:01,1000,55200,57000,1916,8:57:01,16521,55050,57500,5535,8:57:30,1360,55021,57998,300
195,1397/7/16 8:57:33,0,55202,19472,55202,55202,22421,8:57:10,1800,55200,55300,406,8:57:01,1000,55200,57000,1916,8:57:01,16521,55050,57500,5535,8:57:30,1360,55021,57998,300
196,1397/7/16 8:57:43,0,55202,19512,55202,55202,22421,8:57:10,1800,55200,55300,406,8:57:01,1000,55200,57000,1916,8:57:01,16521,55050,57500,5535,8:57:30,1360,55021,57998,300
197,1397/7/16 8:57:52,0,55220,16892,55220,55220,22421,8:57:52,3400,55202,55300,406,8:57:52,1800,55202,57000,1916,8:57:52,1000,55060,57500,5535,8:57:52,16521,55050,57998,300
198,1397/7/16 8:57:52,0,55220,16892,55220,55220,22421,8:58:00,3400,55202,57000,1916,8:58:00,1800,55202,57500,5535,8:58:00,1000,55060,57998,300,8:58:00,16521,55050,57999,750
199,1397/7/16 8:58:12,0,55220,16967,55220,55220,22421,8:58:00,3400,55202,57000,1916,8:58:00,1800,55202,57500,5535,8:58:00,1000,55060,57998,300,8:58:00,16521,55050,57999,750
200,1397/7/16 8:58:27,0,55220,17367,55220,55220,22421,8:58:00,3400,55202,57000,1916,8:58:00,1800,55202,57500,5535,8:58:00,1000,55060,57998,300,8:58:00,16521,55050,57999,750
201,1397/7/16 8:58:28,0,55250,35342,55250,55250,22421,8:58:28,75,55221,57000,1916,8:58:28,2950,55221,57500,5535,8:58:28,3400,55202,57998,300,8:58:28,1800,55200,57999,750
202,1397/7/16 8:58:37,0,55250,35342,55250,55250,21221,8:58:28,75,55221,57000,1916,8:58:28,2950,55221,57500,5535,8:58:28,3400,55202,57998,300,8:58:28,1800,55200,57999,750
203,1397/7/16 8:58:40,0,55250,35842,55250,55250,21221,8:58:28,75,55221,57000,1916,8:58:28,2950,55221,57500,5535,8:58:28,3400,55202,57998,300,8:58:28,1800,55200,57999,750
204,1397/7/16 8:58:46,0,55249,35842,55249,55249,21221,8:58:28,75,55221,57000,1916,8:58:28,2950,55221,57500,5535,8:58:28,3400,55202,57998,300,8:58:28,1800,55200,57999,750
205,1397/7/16 8:58:52,0,55260,15242,55260,55260,21221,8:58:52,21000,55248,57000,1916,8:58:52,75,55248,57500,5535,8:58:52,2550,55220,57998,300,8:58:52,3400,55202,57999,750
206,1397/7/16 8:59:00,0,55265,35842,55265,55265,21221,8:59:00,400,55260,57000,1916,8:58:52,75,55260,57500,5535,8:58:52,2550,55220,57998,300,8:58:52,3400,55202,57999,750
207,1397/7/16 8:59:02,0,55300,14842,55300,55300,20269,8:59:02,21000,55265,57000,1916,8:59:02,400,55265,57500,5535,8:59:02,75,55221,57998,300,8:59:02,2550,55220,57999,750
208,1397/7/16 8:59:03,0,55300,18342,55300,55300,20269,8:59:02,21000,55265,57000,1916,8:59:02,400,55265,57500,5535,8:59:02,75,55221,57998,300,8:59:02,2550,55220,57999,750
209,1397/7/16 8:59:10,0,55400,28272,55400,55400,20269,8:59:10,10070,55300,57000,1916,8:59:10,21000,55300,57500,5535,8:59:10,400,55260,57998,300,8:59:10,75,55221,57999,750
210,1397/7/16 8:59:10,0,55400,28272,55400,55400,20269,8:59:12,400,55360,57000,1916,8:59:12,10070,55360,57500,5535,8:59:12,21000,55265,57998,300,8:59:10,75,55221,57999,750
211,1397/7/16 8:59:15,0,56000,3805,56000,56000,6347,8:59:15,540,55555,57000,1916,8:59:15,3927,55555,57500,5535,8:59:15,20000,55400,57998,300,8:59:15,400,55360,57999,750
212,1397/7/16 8:59:19,0,55500,25772,55500,55500,6347,8:59:19,20000,55400,57000,1916,8:59:19,400,55400,57500,5535,8:59:19,10570,55300,57998,300,8:59:19,75,55221,57999,750
213,1397/7/16 8:59:19,0,55500,25772,55500,55500,6347,8:59:21,400,55360,57000,1916,8:59:21,10570,55360,57500,5535,8:59:21,75,55221,57998,300,8:59:21,2550,55220,57999,750
214,1397/7/16 8:59:26,0,55500,26672,55500,55500,6347,8:59:21,400,55360,57000,1916,8:59:21,10570,55360,57500,5535,8:59:21,75,55221,57998,300,8:59:21,2550,55220,57999,750
215,1397/7/16 8:59:26,0,55500,26672,55500,55500,6347,8:59:21,400,55360,57000,1916,8:59:21,10570,55360,57500,5535,8:59:21,75,55221,57998,300,8:59:30,550,55220,57999,750
216,1397/7/16 8:59:31,0,55500,26872,55500,55500,6347,8:59:21,400,55360,57000,1916,8:59:21,10570,55360,57500,5535,8:59:21,75,55221,57998,300,8:59:30,550,55220,57999,750
217,1397/7/16 8:59:33,0,56000,3805,56000,56000,6347,8:59:33,1500,55600,57000,1916,8:59:33,540,55600,57500,5535,8:59:33,24527,55500,57998,300,8:59:33,400,55360,57999,750
218,1397/7/16 8:59:33,0,56000,3805,56000,56000,6347,8:59:33,1500,55600,57000,1916,8:59:33,540,55600,57500,5535,8:59:38,24708,55500,57998,300,8:59:33,400,55360,57999,750
219,1397/7/16 8:59:39,0,56000,9905,56000,56000,6347,8:59:33,1500,55600,57000,1916,8:59:33,540,55600,57500,5535,8:59:39,23608,55500,57998,300,8:59:33,400,55360,57999,750
220,1397/7/16 8:59:39,0,56000,9905,56000,56000,6347,8:59:41,31500,55600,57000,1916,8:59:33,540,55600,57500,5535,8:59:39,23608,55500,57998,300,8:59:33,400,55360,57999,750
221,1397/7/16 8:59:46,0,56000,10505,56000,56000,6347,8:59:41,31500,55600,57000,1916,8:59:33,540,55600,57500,5535,8:59:46,23008,55500,57998,300,8:59:33,400,55360,57999,750
222,1397/7/16 8:59:47,0,56000,11505,56000,56000,6347,8:59:41,31500,55600,57000,1916,8:59:33,540,55600,57500,5535,8:59:46,23008,55500,57998,300,8:59:33,400,55360,57999,750
223,1397/7/16 8:59:49,0,56000,13405,56000,56000,6347,8:59:49,30000,55600,57000,1916,8:59:33,540,55600,57500,5535,8:59:46,23008,55500,57998,300,8:59:49,10570,55300,57999,750
224,1397/7/16 8:59:49,0,56000,13405,56000,56000,6347,8:59:49,30000,55600,57000,1916,8:59:33,540,55600,57500,5535,8:59:50,23008,55500,57998,27,8:59:49,10570,55300,57999,750
225,1397/7/16 8:59:49,0,56000,13405,56000,56000,6347,8:59:49,30000,55600,57000,1916,8:59:33,540,55600,57500,5535,8:59:50,23008,55500,57998,27,8:59:51,9790,55300,57999,750
226,1397/7/16 8:59:54,0,56400,10905,56400,56400,6347,8:59:54,50000,56001,57000,1916,8:59:54,7500,56001,57500,5535,8:59:54,30000,55600,57998,27,8:59:54,540,55555,57999,750
227,1397/7/16 8:59:56,0,56400,11305,56400,56400,6347,8:59:54,50000,56001,57000,1916,8:59:54,7500,56001,57500,5535,8:59:54,30000,55600,57998,27,8:59:54,540,55555,57999,750
228,1397/7/16 8:59:56,0,56400,11305,56400,56400,6347,8:59:54,50000,56001,57000,1916,8:59:57,8000,56001,57500,5535,8:59:54,30000,55600,57998,27,8:59:54,540,55555,57999,750
229,1397/7/16 8:59:59,0,56500,7805,56500,56500,6347,8:59:59,5000,56400,57000,1916,8:59:59,50000,56400,57500,5535,8:59:59,8000,56000,57998,27,8:59:59,30000,55600,57999,750
230,1397/7/16 8:59:59,0,56500,7805,56500,56500,6347,8:59:59,5000,56400,57000,1916,9:00:02,50900,56400,57500,5535,8:59:59,8000,56000,57998,27,8:59:59,30000,55600,57999,750
231,1397/7/16 8:59:59,0,56500,7805,56500,56500,6347,8:59:59,5000,56400,57000,1916,9:00:02,50900,56400,57500,5535,8:59:59,8000,56000,57998,27,9:00:03,30000,55601,57999,750
232,1397/7/16 9:00:04,0,56500,38705,56500,56500,6347,8:59:59,5000,56400,57000,1916,9:00:02,50900,56400,57500,5535,9:00:04,7100,56000,57998,27,9:00:03,30000,55601,57999,750
233,1397/7/16 9:00:10,0,56501,11305,56501,56501,6347,9:00:10,32400,56500,57000,1916,9:00:02,50900,56500,57500,5535,9:00:04,7100,56000,57998,27,9:00:03,30000,55601,57999,750
234,1397/7/16 9:00:10,0,56501,11305,56501,56501,6347,9:00:10,32400,56500,57000,1916,9:00:02,50900,56500,57500,5535,9:00:12,7100,56000,57998,107,9:00:03,30000,55601,57999,750
235,1397/7/16 9:00:15,499,56750,4958,56501,57000,1916,9:00:15,32400,56500,57500,5535,9:00:15,50900,56500,57998,107,9:00:15,7100,56000,57999,750,9:00:15,30000,55601,58000,4723
236,1397/7/16 9:02:17,499,56750,1282,56501,57000,1916,9:00:15,32400,56500,57500,5535,9:00:15,50900,56500,57998,107,9:00:15,7100,56000,57999,750,9:00:15,30000,55601,58000,4723
237,1397/7/16 9:02:21,10,56506,1282,56501,56511,400,9:02:21,32400,56500,57000,1916,9:02:21,50900,56500,57500,5535,9:02:21,7100,56000,57998,107,9:02:21,30000,55601,57999,750
238,1397/7/16 9:02:22,9,56506,7000,56502,56511,400,9:02:22,1282,56501,57000,1916,9:02:22,32400,56501,57500,5535,9:02:22,50900,56001,57998,107,9:02:22,7100,56000,57999,750
239,1397/7/16 9:02:23,9,56506,7000,56502,56511,300,9:02:22,1282,56501,57000,1916,9:02:22,32400,56501,57500,5535,9:02:22,50900,56001,57998,107,9:02:22,7100,56000,57999,750
240,1397/7/16 9:02:23,9,56506,7000,56502,56511,300,9:02:24,1282,56501,57000,1966,9:02:22,32400,56501,57500,5535,9:02:22,50900,56001,57998,107,9:02:22,7100,56000,57999,750
241,1397/7/16 9:02:26,6,56508,500,56505,56511,300,9:02:26,7000,56502,57000,1966,9:02:26,1282,56502,57500,5535,9:02:26,32400,56500,57998,107,9:02:26,50900,56001,57999,750
242,1397/7/16 9:02:27,9,56506,6500,56502,56511,300,9:02:27,1282,56501,57000,1966,9:02:27,32400,56501,57500,5535,9:02:27,50900,56001,57998,107,9:02:27,7100,56000,57999,750
243,1397/7/16 9:02:27,9,56506,6500,56502,56511,300,9:02:29,1282,56501,57000,2016,9:02:27,32400,56501,57500,5535,9:02:27,50900,56001,57998,107,9:02:27,7100,56000,57999,750
244,1397/7/16 9:02:27,9,56506,6500,56502,56511,300,9:02:32,2182,56501,57000,2016,9:02:27,32400,56501,57500,5535,9:02:27,50900,56001,57998,107,9:02:32,3600,56000,57999,750
245,1397/7/16 9:02:33,8,56507,3000,56503,56511,300,9:02:33,6500,56502,57000,2066,9:02:33,2182,56502,57500,5535,9:02:33,32400,56500,57998,107,9:02:33,50900,56001,57999,750
246,1397/7/16 9:02:33,8,56507,3000,56503,56511,300,9:02:33,6500,56502,57000,2066,9:02:34,2182,56502,57500,5585,9:02:33,32400,56500,57998,107,9:02:33,50900,56001,57999,750
247,1397/7/16 9:02:33,8,56507,3000,56503,56511,300,9:02:33,6500,56502,57000,2066,9:02:44,2182,56502,57500,5635,9:02:33,32400,56500,57998,107,9:02:33,50900,56001,57999,750
248,1397/7/16 9:02:46,489,56755,200,56511,57000,2066,9:02:46,3000,56503,57500,5635,9:02:46,6500,56503,57998,107,9:02:46,2182,56501,57999,750,9:02:46,32400,56500,58000,4723
249,1397/7/16 9:02:46,489,56755,200,56511,57000,2066,9:02:47,3000,56503,57500,5685,9:02:46,6500,56503,57998,107,9:02:46,2182,56501,57999,750,9:02:46,32400,56500,58000,4723
250,1397/7/16 9:02:46,489,56755,200,56511,57000,2066,9:02:49,263,56505,57500,5685,9:02:49,3000,56505,57998,107,9:02:49,6500,56502,57999,750,9:02:49,2182,56501,58000,4723
251,1397/7/16 9:02:50,300,56850,1500,56700,57000,2066,9:02:50,200,56511,57500,5685,9:02:50,263,56511,57998,107,9:02:50,3000,56503,57999,750,9:02:50,6500,56502,58000,4723
252,1397/7/16 9:02:50,300,56850,1500,56700,57000,2066,9:02:51,200,56511,57500,5735,9:02:50,263,56511,57998,107,9:02:50,3000,56503,57999,750,9:02:50,6500,56502,58000,4723
253,1397/7/16 9:02:50,300,56850,1500,56700,57000,2066,9:02:52,500,56511,57500,5735,9:02:50,263,56511,57998,107,9:02:50,3000,56503,57999,750,9:02:50,6500,56502,58000,4723
254,1397/7/16 9:02:50,300,56850,1500,56700,57000,2066,9:02:52,500,56511,57500,5735,9:02:54,263,56511,57998,27,9:02:50,3000,56503,57999,750,9:02:50,6500,56502,58000,4723
255,1397/7/16 9:02:50,300,56850,1500,56700,57000,2066,9:02:55,800,56511,57500,5735,9:02:54,263,56511,57998,27,9:02:50,3000,56503,57999,750,9:02:50,6500,56502,58000,4723
256,1397/7/16 9:02:56,291,56854,6500,56709,57000,2066,9:02:56,1500,56700,57500,5735,9:02:56,800,56700,57998,27,9:02:56,263,56505,57999,750,9:02:56,3000,56503,58000,4723
257,1397/7/16 9:02:56,291,56854,6500,56709,57000,2066,9:02:56,1500,56700,57500,5735,9:02:57,4300,56700,57998,27,9:02:56,263,56505,57999,750,9:02:56,3000,56503,58000,4723
258,1397/7/16 9:02:59,291,56854,6500,56709,57000,1066,9:02:56,1500,56700,57500,5735,9:02:57,4300,56700,57998,27,9:02:56,263,56505,57999,750,9:02:56,3000,56503,58000,4723
259,1397/7/16 9:03:06,291,56854,6500,56709,57000,566,9:02:56,1500,56700,57500,5735,9:02:57,4300,56700,57998,27,9:02:56,263,56505,57999,750,9:02:56,3000,56503,58000,4723
260,1397/7/16 9:03:07,291,56854,6500,56709,57000,466,9:02:56,1500,56700,57500,5735,9:02:57,4300,56700,57998,27,9:02:56,263,56505,57999,750,9:02:56,3000,56503,58000,4723
261,1397/7/16 9:03:09,500,57250,384,57000,57500,5735,9:03:09,6500,56709,57998,27,9:03:09,1500,56709,57999,750,9:03:09,4300,56511,58000,4723,9:03:09,263,56505,58500,6060
262,1397/7/16 9:03:12,500,57250,5384,57000,57500,5735,9:03:09,6500,56709,57998,27,9:03:09,1500,56709,57999,750,9:03:09,4300,56511,58000,4723,9:03:09,263,56505,58500,6060
263,1397/7/16 9:03:19,500,57250,6384,57000,57500,5735,9:03:09,6500,56709,57998,27,9:03:09,1500,56709,57999,750,9:03:09,4300,56511,58000,4723,9:03:09,263,56505,58500,6060
264,1397/7/16 9:03:22,300,57350,500,57200,57500,5235,9:03:22,6384,57000,57998,27,9:03:22,6500,57000,57999,750,9:03:22,1500,56700,58000,4723,9:03:22,4300,56511,58500,6060
265,1397/7/16 9:03:22,300,57350,500,57200,57500,5235,9:03:23,56647,57000,57998,27,9:03:22,6500,57000,57999,750,9:03:22,1500,56700,58000,4723,9:03:22,4300,56511,58500,6060
266,1397/7/16 9:03:22,300,57350,500,57200,57500,5235,9:03:23,56647,57000,57998,27,9:03:22,6500,57000,57999,750,9:03:26,8200,56700,58000,4723,9:03:22,4300,56511,58500,6060
267,1397/7/16 9:03:29,300,57350,500,57200,57500,4935,9:03:23,56647,57000,57998,27,9:03:22,6500,57000,57999,750,9:03:26,8200,56700,58000,4723,9:03:22,4300,56511,58500,6060
268,1397/7/16 9:03:29,300,57350,500,57200,57500,4935,9:03:23,56647,57000,57998,27,9:03:22,6500,57000,57999,750,9:03:26,8200,56700,58000,4723,9:03:30,4000,56511,58500,6060
269,1397/7/16 9:03:29,300,57350,500,57200,57500,4935,9:03:23,56647,57000,57998,27,9:03:22,6500,57000,57999,750,9:03:33,8200,56700,58000,8723,9:03:30,4000,56511,58500,6060
270,1397/7/16 9:03:29,300,57350,500,57200,57500,4935,9:03:23,56647,57000,57998,27,9:03:22,6500,57000,57999,750,9:03:34,8200,56700,58000,13723,9:03:30,4000,56511,58500,6060
271,1397/7/16 9:03:35,300,57350,500,57200,57500,4785,9:03:35,56647,57000,57998,177,9:03:22,6500,57000,57999,750,9:03:34,8200,56700,58000,13723,9:03:30,4000,56511,58500,6060
272,1397/7/16 9:03:39,100,57450,87,57400,57500,4785,9:03:39,500,57200,57998,177,9:03:39,56647,57200,57999,750,9:03:39,90,56800,58000,13723,9:03:39,6500,56709,58500,6060
273,1397/7/16 9:03:43,100,57450,87,57400,57500,4915,9:03:39,500,57200,57998,177,9:03:39,56647,57200,57999,750,9:03:39,90,56800,58000,13723,9:03:39,6500,56709,58500,6060
274,1397/7/16 9:03:44,100,57450,87,57400,57500,3915,9:03:39,500,57200,57998,177,9:03:39,56647,57200,57999,750,9:03:39,90,56800,58000,13723,9:03:39,6500,56709,58500,6060
275,1397/7/16 9:03:44,100,57450,87,57400,57500,3915,9:03:39,500,57200,57998,177,9:03:39,56647,57200,57999,750,9:03:39,90,56800,58000,13723,9:03:48,6500,56709,58500,6863
276,1397/7/16 9:03:44,100,57450,87,57400,57500,3915,9:03:57,56647,57000,57998,177,9:03:57,90,57000,57999,750,9:03:57,6500,56709,58000,13723,9:03:57,8200,56700,58500,6863
277,1397/7/16 9:04:01,100,57450,87,57400,57500,5502,9:03:57,56647,57000,57998,177,9:03:57,90,57000,57999,750,9:03:57,6500,56709,58000,13723,9:03:57,8200,56700,58500,6863
278,1397/7/16 9:04:01,100,57450,87,57400,57500,5502,9:04:04,56263,57000,57998,177,9:03:57,90,57000,57999,750,9:03:57,6500,56709,58000,13723,9:03:57,8200,56700,58500,6863
279,1397/7/16 9:04:06,100,57450,87,57400,57500,1702,9:04:04,56263,57000,57998,177,9:03:57,90,57000,57999,750,9:03:57,6500,56709,58000,13723,9:03:57,8200,56700,58500,6863
280,1397/7/16 9:04:08,100,57450,87,57400,57500,1502,9:04:04,56263,57000,57998,177,9:03:57,90,57000,57999,750,9:03:57,6500,56709,58000,13723,9:03:57,8200,56700,58500,6863
281,1397/7/16 9:04:14,300,57350,87,57200,57500,1502,9:04:04,56263,57000,57998,177,9:03:57,90,57000,57999,750,9:03:57,6500,56709,58000,13723,9:03:57,8200,56700,58500,6863
282,1397/7/16 9:04:16,300,57350,87,57200,57500,1422,9:04:04,56263,57000,57998,177,9:03:57,90,57000,57999,750,9:03:57,6500,56709,58000,13723,9:03:57,8200,56700,58500,6863
283,1397/7/16 9:04:16,300,57350,87,57200,57500,1422,9:04:04,56263,57000,57998,177,9:03:57,90,57000,57999,750,9:04:17,6500,56709,58000,9723,9:04:17,8200,56700,58500,10863
284,1397/7/16 9:04:21,300,57350,87,57200,57500,1322,9:04:04,56263,57000,57998,177,9:03:57,90,57000,57999,750,9:04:17,6500,56709,58000,9723,9:04:17,8200,56700,58500,10863
285,1397/7/16 9:04:21,300,57350,87,57200,57500,1322,9:04:04,56263,57000,57998,177,9:03:57,90,57000,57999,750,9:04:22,6500,56709,58000,10473,9:04:17,8200,56700,58500,10863
286,1397/7/16 9:04:23,498,57749,3678,57500,57998,177,9:04:23,87,57200,57999,750,9:04:23,51263,57200,58000,10473,9:04:23,90,56800,58500,10863,9:04:23,6500,56709,58980,5000
287,1397/7/16 9:04:23,498,57749,3678,57500,57998,177,9:04:27,177,57200,57999,750,9:04:23,51263,57200,58000,10473,9:04:27,6500,56709,58500,10863,9:04:27,8200,56700,58980,5000
288,1397/7/16 9:04:23,498,57749,3678,57500,57998,177,9:04:27,177,57200,57999,750,9:04:32,52963,57200,58000,10473,9:04:27,6500,56709,58500,10863,9:04:27,8200,56700,58980,5000
289,1397/7/16 9:04:33,498,57749,3678,57500,57998,677,9:04:27,177,57200,57999,750,9:04:32,52963,57200,58000,10473,9:04:27,6500,56709,58500,10863,9:04:27,8200,56700,58980,5000
290,1397/7/16 9:04:33,498,57749,3678,57500,57998,677,9:04:27,177,57200,57999,750,9:04:34,52963,57200,58000,10523,9:04:27,6500,56709,58500,10863,9:04:27,8200,56700,58980,5000
291,1397/7/16 9:04:35,497,57749,1000,57501,57998,677,9:04:35,3678,57500,57999,750,9:04:35,177,57500,58000,10523,9:04:35,52963,57000,58500,10863,9:04:35,6500,56709,58980,5000
292,1397/7/16 9:04:35,497,57749,1000,57501,57998,677,9:04:35,3678,57500,57999,750,9:04:38,177,57500,58000,10573,9:04:35,52963,57000,58500,10863,9:04:35,6500,56709,58980,5000
293,1397/7/16 9:04:35,497,57749,1000,57501,57998,677,9:04:35,3678,57500,57999,750,9:04:41,377,57500,58000,10573,9:04:35,52963,57000,58500,10863,9:04:35,6500,56709,58980,5000
294,1397/7/16 9:04:35,497,57749,1000,57501,57998,677,9:04:35,3678,57500,57999,750,9:04:43,377,57500,58000,10623,9:04:35,52963,57000,58500,10863,9:04:35,6500,56709,58980,5000
295,1397/7/16 9:04:44,495,57750,87,57503,57998,677,9:04:44,1000,57501,57999,750,9:04:44,3678,57501,58000,10623,9:04:44,290,57200,58500,10863,9:04:44,52963,57000,58980,5000
296,1397/7/16 9:04:44,495,57750,87,57503,57998,677,9:04:44,1000,57501,57999,750,9:04:44,3678,57501,58000,10623,9:04:44,290,57200,58500,10863,9:04:48,52963,57000,58980,5500
297,1397/7/16 9:04:55,495,57750,87,57503,57998,337,9:04:44,1000,57501,57999,750,9:04:44,3678,57501,58000,10623,9:04:44,290,57200,58500,10863,9:04:48,52963,57000,58980,5500
298,1397/7/16 9:04:59,398,57799,90,57600,57998,337,9:04:59,87,57503,57999,750,9:04:59,1000,57503,58000,10623,9:04:59,3678,57500,58500,10863,9:04:59,200,57200,58980,5500
299,1397/7/16 9:04:59,398,57799,90,57600,57998,337,9:04:59,87,57503,57999,750,9:05:02,1000,57503,58000,10664,9:04:59,3678,57500,58500,10863,9:04:59,200,57200,58980,5500
300,1397/7/16 9:05:10,398,57799,90,57600,57998,250,9:05:10,1000,57501,57999,750,9:05:10,3678,57501,58000,10664,9:05:10,200,57200,58500,10863,9:05:10,52963,57000,58980,5500
301,1397/7/16 9:05:10,398,57799,90,57600,57998,250,9:05:10,1000,57501,57999,750,9:05:15,3678,57501,58000,7650,9:05:10,200,57200,58500,10863,9:05:10,52963,57000,58980,5500
302,1397/7/16 9:05:25,397,57799,750,57601,57998,250,9:05:25,90,57600,57999,750,9:05:25,1000,57600,58000,7650,9:05:25,4978,57500,58500,10863,9:05:25,200,57200,58980,5500
303,1397/7/16 9:05:34,2,57999,20,57998,58000,941,9:05:34,750,57601,58500,10863,9:05:34,90,57601,58980,5500,9:05:34,1000,57501,59000,3444,9:05:34,1300,57500,59050,1000
304,1397/7/16 9:05:39,399,57800,272,57601,58000,941,9:05:39,90,57600,58500,10863,9:05:39,1000,57600,58980,5500,9:05:39,1300,57500,59000,3444,9:05:39,200,57200,59050,1000
305,1397/7/16 9:05:41,399,57800,272,57601,58000,1036,9:05:39,90,57600,58500,10863,9:05:39,1000,57600,58980,5500,9:05:39,1300,57500,59000,3444,9:05:39,200,57200,59050,1000
306,1397/7/16 9:05:41,399,57800,272,57601,58000,1036,9:05:42,90,57600,58500,10060,9:05:39,1000,57600,58980,5500,9:05:39,1300,57500,59000,3444,9:05:39,200,57200,59050,1000
307,1397/7/16 9:05:43,399,57800,272,57601,58000,886,9:05:43,90,57600,58500,10210,9:05:39,1000,57600,58980,5500,9:05:39,1300,57500,59000,3444,9:05:39,200,57200,59050,1000
308,1397/7/16 9:05:43,399,57800,272,57601,58000,886,9:06:01,90,57600,58500,6210,9:05:39,1000,57600,58980,5500,9:05:39,1300,57500,59000,3444,9:06:01,200,57200,59050,5000
309,1397/7/16 9:05:43,399,57800,272,57601,58000,886,9:06:01,90,57600,58500,6210,9:05:39,1000,57600,58980,5500,9:06:02,1300,57500,59000,3494,9:06:01,200,57200,59050,5000
310,1397/7/16 9:06:06,399,57800,322,57601,58000,886,9:06:01,90,57600,58500,6210,9:05:39,1000,57600,58980,5500,9:06:02,1300,57500,59000,3494,9:06:01,200,57200,59050,5000
311,1397/7/16 9:06:06,399,57800,322,57601,58000,886,9:06:01,90,57600,58500,6210,9:05:39,1000,57600,58980,5500,9:06:07,1300,57500,59000,3544,9:06:01,200,57200,59050,5000
312,1397/7/16 9:06:06,399,57800,322,57601,58000,886,9:06:09,1090,57501,58500,6210,9:06:09,1300,57501,58980,5500,9:06:09,200,57200,59000,3544,9:06:09,52963,57000,59050,5000
313,1397/7/16 9:06:10,398,57801,200,57602,58000,886,9:06:10,322,57601,58500,6210,9:06:10,1090,57601,58980,5500,9:06:10,1300,57500,59000,3544,9:06:10,200,57200,59050,5000
314,1397/7/16 9:06:10,398,57801,200,57602,58000,886,9:06:10,322,57601,58500,6210,9:06:10,1090,57601,58980,5500,9:06:11,1300,57500,59000,3594,9:06:10,200,57200,59050,5000
315,1397/7/16 9:06:10,398,57801,200,57602,58000,886,9:06:10,322,57601,58500,6210,9:06:10,1090,57601,58980,5500,9:06:46,1300,57500,59000,4397,9:06:10,200,57200,59050,5000
316,1397/7/16 9:06:10,398,57801,200,57602,58000,886,9:06:10,322,57601,58500,6210,9:06:10,1090,57601,58980,5500,9:06:46,1300,57500,59000,4397,9:06:52,1253,57200,59050,5000
317,1397/7/16 9:06:10,398,57801,200,57602,58000,886,9:06:10,322,57601,58500,6210,9:06:10,1090,57601,58980,5500,9:06:56,1300,57500,58998,1000,9:06:56,1253,57200,59000,4397
318,1397/7/16 9:06:10,398,57801,200,57602,58000,886,9:06:10,322,57601,58500,6210,9:06:10,1090,57601,58980,5500,9:06:56,1300,57500,58998,1000,9:07:18,1253,57200,59000,7552
319,1397/7/16 9:06:10,398,57801,200,57602,58000,886,9:06:10,322,57601,58500,6210,9:07:34,1090,57601,58800,952,9:07:34,1300,57500,58980,5500,9:07:34,1253,57200,58998,1000
320,1397/7/16 9:07:40,398,57801,250,57602,58000,886,9:07:40,272,57601,58500,6210,9:07:34,1090,57601,58800,952,9:07:34,1300,57500,58980,5500,9:07:34,1253,57200,58998,1000
321,1397/7/16 9:07:45,398,57801,165,57602,58000,886,9:07:40,272,57601,58500,6210,9:07:34,1090,57601,58800,952,9:07:34,1300,57500,58980,5500,9:07:34,1253,57200,58998,1000
322,1397/7/16 9:07:54,1,57601,272,57601,57602,49,9:07:54,1090,57501,58000,886,9:07:54,1300,57501,58500,6210,9:07:54,1253,57200,58800,952,9:07:54,52963,57000,58980,5500
323,1397/7/16 9:07:54,1,57601,272,57601,57602,49,9:07:54,1090,57501,58000,886,9:07:54,1300,57501,58500,6210,9:07:54,1253,57200,58800,952,9:08:07,2963,57000,58980,5500
324,1397/7/16 9:08:21,1,57601,271,57601,57602,49,9:07:54,1090,57501,58000,886,9:08:21,1300,57501,58490,1995,9:08:21,1253,57200,58500,6210,9:08:21,2963,57000,58800,952
325,1397/7/16 9:08:31,100,57551,1090,57501,57601,59,9:08:31,1300,57500,57602,49,9:08:31,1253,57500,58000,4917,9:08:31,2963,57000,58490,1995,9:08:31,6500,56709,58500,6210
326,1397/7/16 9:08:33,398,57801,102,57602,58000,4917,9:08:33,1090,57501,58490,1995,9:08:33,1300,57501,58500,6210,9:08:33,1253,57200,58800,952,9:08:33,2963,57000,58980,5500
327,1397/7/16 9:08:38,398,57801,102,57602,58000,4876,9:08:33,1090,57501,58490,1995,9:08:38,1300,57501,58500,6251,9:08:33,1253,57200,58800,952,9:08:33,2963,57000,58980,5500
328,1397/7/16 9:08:38,398,57801,102,57602,58000,4876,9:08:33,1090,57501,58490,1995,9:08:38,1300,57501,58500,6251,9:08:33,1253,57200,58800,952,9:08:40,3963,57000,58980,5500
329,1397/7/16 9:08:46,499,57750,1090,57501,58000,1857,9:08:46,1300,57500,58490,1995,9:08:46,1253,57500,58500,6251,9:08:46,3963,57000,58800,952,9:08:46,6500,56709,58980,5500
330,1397/7/16 9:08:51,499,57750,1090,57501,58000,2035,9:08:46,1300,57500,58490,1995,9:08:46,1253,57500,58500,6251,9:08:46,3963,57000,58800,952,9:08:46,6500,56709,58980,5500
331,1397/7/16 9:08:52,498,57751,200,57502,58000,178,9:08:52,1090,57501,58490,1995,9:08:52,1300,57501,58500,6251,9:08:52,1253,57200,58800,952,9:08:52,3963,57000,58980,5500
332,1397/7/16 9:08:57,988,57996,200,57502,58490,1995,9:08:57,1090,57501,58500,6251,9:08:57,1300,57501,58800,952,9:08:57,1253,57200,58980,5500,9:08:57,3963,57000,58998,1000
333,1397/7/16 9:09:01,987,57996,3000,57503,58490,1995,9:09:01,200,57502,58500,6251,9:09:01,1090,57502,58800,952,9:09:01,1300,57500,58980,5500,9:09:01,1253,57200,58998,1000
334,1397/7/16 9:09:16,897,57951,3000,57503,58400,1000,9:09:16,200,57502,58490,1995,9:09:16,1090,57502,58500,6251,9:09:16,1300,57500,58800,952,9:09:16,1253,57200,58980,5500
335,1397/7/16 9:09:16,897,57951,3000,57503,58400,1000,9:09:17,200,57502,58490,2495,9:09:16,1090,57502,58500,6251,9:09:16,1300,57500,58800,952,9:09:16,1253,57200,58980,5500
336,1397/7/16 9:09:16,897,57951,3000,57503,58400,1000,9:09:17,200,57502,58490,2495,9:09:25,1090,57502,58500,6751,9:09:16,1300,57500,58800,952,9:09:16,1253,57200,58980,5500
337,1397/7/16 9:09:16,897,57951,3000,57503,58400,1000,9:09:26,200,57502,58489,600,9:09:26,1090,57502,58490,2495,9:09:26,1300,57500,58500,6751,9:09:26,1253,57200,58800,952
338,1397/7/16 9:09:16,897,57951,3000,57503,58400,1000,9:09:26,200,57502,58489,600,9:09:26,1090,57502,58490,2495,9:09:26,1300,57500,58500,6751,9:09:40,1253,57200,58800,1052
339,1397/7/16 9:09:45,896,57952,1700,57504,58400,1000,9:09:45,3000,57503,58489,600,9:09:45,200,57503,58490,2495,9:09:45,1090,57501,58500,6751,9:09:45,1300,57500,58800,1052
340,1397/7/16 9:09:49,496,57752,1700,57504,58000,1000,9:09:49,3000,57503,58400,1000,9:09:49,200,57503,58489,600,9:09:49,1090,57501,58490,2495,9:09:49,1300,57500,58500,7912
341,1397/7/16 9:09:49,496,57752,1700,57504,58000,1000,9:09:49,3000,57503,58400,1000,9:09:49,200,57503,58489,600,9:09:50,1090,57501,58490,2795,9:09:49,1300,57500,58500,7912
342,1397/7/16 9:09:49,496,57752,1700,57504,58000,1000,9:09:52,3000,57503,58399,3500,9:09:52,200,57503,58400,1000,9:09:52,1090,57501,58489,600,9:09:52,1300,57500,58490,2795
343,1397/7/16 9:09:49,496,57752,1700,57504,58000,1000,9:09:58,3000,57503,58390,100,9:09:58,200,57503,58399,3500,9:09:58,1090,57501,58400,1000,9:09:58,1300,57500,58489,600
344,1397/7/16 9:10:07,496,57752,1700,57504,58000,5000,9:09:58,3000,57503,58390,100,9:09:58,200,57503,58399,3500,9:09:58,1090,57501,58400,1000,9:09:58,1300,57500,58489,600
345,1397/7/16 9:10:19,495,57751,1700,57504,57999,100,9:10:19,3000,57503,58000,5000,9:10:19,200,57503,58390,100,9:10:19,1090,57501,58399,3500,9:10:19,1300,57500,58400,1000
346,1397/7/16 9:10:19,495,57751,1700,57504,57999,100,9:10:20,3000,57503,58000,6000,9:10:19,200,57503,58390,100,9:10:19,1090,57501,58399,3500,9:10:19,1300,57500,58400,1000
347,1397/7/16 9:10:19,495,57751,1700,57504,57999,100,9:10:21,3000,57503,58000,6041,9:10:19,200,57503,58390,100,9:10:19,1090,57501,58399,3500,9:10:19,1300,57500,58400,1000
348,1397/7/16 9:10:34,398,57800,150,57601,57999,100,9:10:34,700,57504,58000,5041,9:10:34,3000,57504,58390,100,9:10:34,200,57502,58399,3500,9:10:34,1090,57501,58400,1000
349,1397/7/16 9:10:34,398,57800,150,57601,57999,100,9:10:37,700,57504,58000,6041,9:10:34,3000,57504,58390,100,9:10:34,200,57502,58399,3500,9:10:34,1090,57501,58400,1000
350,1397/7/16 9:10:34,398,57800,150,57601,57999,100,9:10:39,700,57504,58000,5141,9:10:34,3000,57504,58390,100,9:10:34,200,57502,58399,3500,9:10:34,1090,57501,58400,1000
351,1397/7/16 9:10:48,397,57799,150,57601,57998,53,9:10:48,700,57504,57999,100,9:10:48,3000,57504,58000,5141,9:10:48,200,57502,58390,100,9:10:48,1090,57501,58399,3500
352,1397/7/16 9:10:51,389,57795,150,57601,57990,500,9:10:51,700,57504,57998,53,9:10:51,3000,57504,57999,100,9:10:51,200,57502,58000,5141,9:10:51,1090,57501,58390,100
353,1397/7/16 9:10:53,97,57552,700,57504,57601,685,9:10:53,3000,57503,57990,500,9:10:53,200,57503,57998,53,9:10:53,1090,57501,57999,100,9:10:53,1300,57500,58000,5141
354,1397/7/16 9:10:54,96,57553,900,57505,57601,685,9:10:54,700,57504,57990,500,9:10:54,3000,57504,57998,53,9:10:54,200,57502,57999,100,9:10:54,1090,57501,58000,5191
355,1397/7/16 9:10:54,96,57553,900,57505,57601,685,9:10:54,700,57504,57990,500,9:10:54,3000,57504,57998,53,9:10:54,200,57502,57999,100,9:10:59,1090,57501,58000,5476
356,1397/7/16 9:10:54,96,57553,900,57505,57601,685,9:10:54,700,57504,57990,500,9:10:54,3000,57504,57998,53,9:10:54,200,57502,57999,100,9:11:03,1090,57501,58000,6476
357,1397/7/16 9:11:05,96,57553,3900,57505,57601,685,9:10:54,700,57504,57990,500,9:11:05,200,57504,57998,53,9:11:05,1090,57501,57999,100,9:11:05,1300,57500,58000,6476
358,1397/7/16 9:11:05,96,57553,3900,57505,57601,685,9:10:54,700,57504,57990,500,9:11:05,200,57504,57998,53,9:11:05,1090,57501,57999,100,9:11:11,2300,57500,58000,6476
359,1397/7/16 9:11:12,485,57747,3900,57505,57990,500,9:11:12,700,57504,57998,53,9:11:12,200,57504,57999,100,9:11:12,1090,57501,58000,6476,9:11:12,2300,57500,58390,100
360,1397/7/16 9:11:19,485,57747,900,57505,57990,500,9:11:12,700,57504,57998,53,9:11:12,200,57504,57999,100,9:11:12,1090,57501,58000,6476,9:11:12,2300,57500,58390,100
361,1397/7/16 9:11:20,493,57751,900,57505,57998,53,9:11:20,700,57504,57999,100,9:11:20,200,57504,58000,6476,9:11:20,1090,57501,58390,100,9:11:20,2300,57500,58399,3500
362,1397/7/16 9:11:24,493,57751,900,57505,57998,1053,9:11:20,700,57504,57999,100,9:11:24,200,57504,58000,5476,9:11:20,1090,57501,58390,100,9:11:20,2300,57500,58399,3500
363,1397/7/16 9:11:24,493,57751,900,57505,57998,1053,9:11:20,700,57504,57999,100,9:11:27,200,57504,58000,6428,9:11:20,1090,57501,58390,100,9:11:20,2300,57500,58399,3500
364,1397/7/16 9:11:28,494,57751,200,57504,57998,1053,9:11:28,200,57502,57999,100,9:11:28,1090,57502,58000,6428,9:11:28,2300,57500,58390,100,9:11:28,1253,57200,58399,3500
365,1397/7/16 9:11:28,494,57751,200,57504,57998,1053,9:11:28,200,57502,57999,100,9:11:29,1090,57502,58000,6478,9:11:28,2300,57500,58390,100,9:11:28,1253,57200,58399,3500
366,1397/7/16 9:11:36,493,57751,3000,57505,57998,1053,9:11:36,200,57504,57999,100,9:11:36,200,57504,58000,6478,9:11:36,1090,57501,58390,100,9:11:36,2300,57500,58398,100
367,1397/7/16 9:11:40,492,57751,4000,57505,57997,3500,9:11:40,200,57504,57998,1053,9:11:40,200,57504,57999,100,9:11:40,90,57501,58000,2978,9:11:40,2300,57500,58390,100
368,1397/7/16 9:11:55,491,57750,4000,57505,57996,53,9:11:55,200,57504,57997,3500,9:11:55,200,57504,57998,1000,9:11:55,90,57501,57999,100,9:11:55,2300,57500,58000,2978
369,1397/7/16 9:11:55,491,57750,4000,57505,57996,53,9:11:55,200,57504,57997,3500,9:11:55,200,57504,57998,1000,9:11:55,90,57501,57999,100,9:11:59,2300,57500,58000,3478
370,1397/7/16 9:12:04,490,57750,3800,57505,57995,100,9:12:04,200,57504,57996,53,9:12:04,200,57504,57997,3500,9:12:04,90,57501,57998,1000,9:11:59,2300,57500,58000,3478
371,1397/7/16 9:12:17,489,57749,3800,57505,57994,53,9:12:17,200,57504,57995,100,9:12:04,200,57504,57997,3500,9:12:04,90,57501,57998,1000,9:11:59,2300,57500,58000,3478
372,1397/7/16 9:12:21,485,57747,3800,57505,57990,1744,9:12:21,200,57504,57994,53,9:12:21,200,57504,57995,100,9:12:21,90,57501,57997,3500,9:12:21,2300,57500,57998,1000
373,1397/7/16 9:12:25,485,57747,800,57505,57990,1744,9:12:21,200,57504,57994,53,9:12:21,200,57504,57995,100,9:12:21,90,57501,57997,3500,9:12:21,2300,57500,57998,1000
374,1397/7/16 9:12:27,1,57504,200,57504,57505,1641,9:12:27,200,57502,57990,1744,9:12:27,90,57502,57994,53,9:12:27,2300,57500,57995,100,9:12:27,1253,57200,57997,3500
375,1397/7/16 9:12:27,1,57504,200,57504,57505,1641,9:12:28,200,57502,57950,600,9:12:28,90,57502,57990,1744,9:12:28,2300,57500,57994,53,9:12:28,1253,57200,57995,100
376,1397/7/16 9:12:27,1,57504,200,57504,57505,1641,9:12:28,200,57502,57950,600,9:12:35,90,57502,57990,2744,9:12:28,2300,57500,57994,53,9:12:28,1253,57200,57995,100
377,1397/7/16 9:12:40,5,57502,795,57500,57505,1641,9:12:40,1253,57200,57950,600,9:12:40,1020,57200,57990,2744,9:12:40,6500,56709,57994,53,9:12:40,6700,56700,57995,100
378,1397/7/16 9:12:40,5,57502,795,57500,57505,1641,9:12:40,1253,57200,57950,600,9:12:41,1020,57200,57990,2944,9:12:40,6500,56709,57994,53,9:12:40,6700,56700,57995,100
379,1397/7/16 9:12:49,4,57502,795,57500,57504,3500,9:12:49,1053,57200,57505,1641,9:12:49,1020,57200,57950,600,9:12:49,6500,56709,57990,2944,9:12:49,6700,56700,57994,53
380,1397/7/16 9:12:50,4,57502,795,57500,57504,5000,9:12:49,1053,57200,57505,1641,9:12:49,1020,57200,57950,600,9:12:49,6500,56709,57990,2944,9:12:49,6700,56700,57994,53
381,1397/7/16 9:12:51,4,57502,795,57500,57504,3500,9:12:49,1053,57200,57505,1641,9:12:49,1020,57200,57950,600,9:12:49,6500,56709,57990,2944,9:12:49,6700,56700,57994,53
382,1397/7/16 9:12:59,4,57502,495,57500,57504,3500,9:12:49,1053,57200,57505,1641,9:12:49,1020,57200,57950,600,9:12:49,6500,56709,57990,2944,9:12:49,6700,56700,57994,53
383,1397/7/16 9:13:04,300,57350,1053,57200,57500,105,9:13:04,1020,57000,57504,3500,9:13:04,6500,57000,57505,1641,9:13:04,6700,56700,57990,2944,9:13:04,1758,56600,57994,53
384,1397/7/16 9:13:04,300,57350,1053,57200,57500,105,9:13:04,1020,57000,57504,3500,9:13:07,6500,57000,57505,1941,9:13:04,6700,56700,57990,2944,9:13:04,1758,56600,57994,53
385,1397/7/16 9:13:04,300,57350,1053,57200,57500,105,9:13:04,1020,57000,57504,3500,9:13:07,6500,57000,57505,1941,9:13:10,6700,56700,57950,100,9:13:10,1758,56600,57990,2944
386,1397/7/16 9:13:16,304,57352,1053,57200,57504,2745,9:13:16,1020,57000,57505,1941,9:13:16,6500,57000,57950,100,9:13:16,6700,56700,57990,2944,9:13:16,1758,56600,57994,53
387,1397/7/16 9:13:16,304,57352,1053,57200,57504,2745,9:13:16,1020,57000,57505,1941,9:13:33,6530,57000,57950,100,9:13:16,6700,56700,57990,2944,9:13:16,1758,56600,57994,53
388,1397/7/16 9:13:40,304,57352,1003,57200,57504,2745,9:13:16,1020,57000,57505,1941,9:13:33,6530,57000,57950,100,9:13:16,6700,56700,57990,2944,9:13:16,1758,56600,57994,53
389,1397/7/16 9:13:40,304,57352,1003,57200,57504,2745,9:13:51,20,57000,57505,1941,9:13:33,6530,57000,57950,100,9:13:16,6700,56700,57990,2944,9:13:51,2758,56600,57994,53
390,1397/7/16 9:14:00,304,57352,1930,57200,57504,2745,9:13:51,20,57000,57505,1941,9:13:33,6530,57000,57950,100,9:13:16,6700,56700,57990,2944,9:13:51,2758,56600,57994,53
391,1397/7/16 9:14:15,300,57350,1930,57200,57500,500,9:14:15,20,57000,57504,2745,9:14:15,6530,57000,57505,1941,9:14:15,6700,56700,57950,100,9:14:15,2758,56600,57990,2944
392,1397/7/16 9:14:20,300,57350,1830,57200,57500,500,9:14:15,20,57000,57504,2745,9:14:15,6530,57000,57505,1941,9:14:15,6700,56700,57950,100,9:14:15,2758,56600,57990,2944
393,1397/7/16 9:14:20,300,57350,1830,57200,57500,500,9:14:27,2820,57000,57504,2745,9:14:15,6530,57000,57505,1941,9:14:15,6700,56700,57950,100,9:14:15,2758,56600,57990,2944
394,1397/7/16 9:14:37,300,57350,1830,57200,57500,1500,9:14:27,2820,57000,57504,2745,9:14:15,6530,57000,57505,1941,9:14:15,6700,56700,57950,100,9:14:15,2758,56600,57990,2944
395,1397/7/16 9:14:39,291,56854,6530,56709,57000,95,9:14:39,6700,56700,57500,1500,9:14:39,2758,56700,57504,1500,9:14:39,500,56511,57505,1941,9:14:39,200,56510,57950,100
396,1397/7/16 9:14:39,291,56854,6530,56709,57000,95,9:14:39,6700,56700,57500,1500,9:14:41,2758,56700,57503,952,9:14:41,200,56511,57504,1500,9:14:41,200,56510,57505,1941
397,1397/7/16 9:14:48,291,56854,6530,56709,57000,1095,9:14:39,6700,56700,57500,1500,9:14:41,2758,56700,57503,952,9:14:41,200,56511,57504,1500,9:14:41,200,56510,57505,1941
398,1397/7/16 9:14:48,291,56854,6530,56709,57000,1095,9:14:50,6700,56700,57500,2500,9:14:41,2758,56700,57503,952,9:14:41,200,56511,57504,1500,9:14:41,200,56510,57505,1941
399,1397/7/16 9:14:48,291,56854,6530,56709,57000,1095,9:14:52,6700,56700,57200,10000,9:14:52,2758,56700,57500,2500,9:14:52,200,56511,57503,952,9:14:52,200,56510,57504,1500
400,1397/7/16 9:14:48,291,56854,6530,56709,57000,1095,9:14:52,6700,56700,57200,10000,9:14:52,2758,56700,57500,2500,9:15:03,200,56511,57504,1500,9:15:03,200,56510,57505,1941
401,1397/7/16 9:15:07,291,56854,5530,56709,57000,1095,9:14:52,6700,56700,57200,10000,9:15:07,2758,56700,57500,1500,9:15:03,200,56511,57504,1500,9:15:03,200,56510,57505,1941
402,1397/7/16 9:15:07,291,56854,5530,56709,57000,1095,9:14:52,6700,56700,57200,10000,9:15:08,2758,56700,57500,14500,9:15:03,200,56511,57504,1500,9:15:03,200,56510,57505,1941
403,1397/7/16 9:15:17,291,56854,5530,56709,57000,11095,9:15:17,6700,56700,57500,14500,9:15:17,2758,56700,57504,1500,9:15:17,200,56511,57505,1941,9:15:17,200,56510,57733,103
404,1397/7/16 9:15:17,291,56854,5530,56709,57000,11095,9:15:17,6700,56700,57500,14500,9:15:18,2758,56700,57501,404,9:15:18,200,56511,57504,1500,9:15:18,200,56510,57505,1941
405,1397/7/16 9:15:20,291,56854,5438,56709,57000,11095,9:15:17,6700,56700,57500,14500,9:15:18,2758,56700,57501,404,9:15:18,200,56511,57504,1500,9:15:18,200,56510,57505,1941
406,1397/7/16 9:15:23,291,56854,2438,56709,57000,12000,9:15:17,6700,56700,57500,14500,9:15:18,2758,56700,57501,404,9:15:18,200,56511,57504,1500,9:15:18,200,56510,57505,1941
407,1397/7/16 9:15:33,291,56854,2438,56709,57000,12400,9:15:17,6700,56700,57500,14500,9:15:18,2758,56700,57501,404,9:15:18,200,56511,57504,1500,9:15:18,200,56510,57505,1941
408,1397/7/16 9:15:34,290,56854,2438,56709,56999,952,9:15:34,6700,56700,57000,12400,9:15:34,2758,56700,57500,14500,9:15:34,200,56511,57501,404,9:15:34,200,56510,57504,1500
409,1397/7/16 9:15:34,290,56854,2438,56709,56999,952,9:15:34,6700,56700,57000,12400,9:15:42,1758,56700,57500,14500,9:15:34,200,56511,57501,404,9:15:34,200,56510,57504,1500
410,1397/7/16 9:15:34,290,56854,2438,56709,56999,952,9:15:46,6700,56700,57000,13843,9:15:42,1758,56700,57500,14500,9:15:34,200,56511,57501,404,9:15:34,200,56510,57504,1500
411,1397/7/16 9:15:34,290,56854,2438,56709,56999,952,9:15:56,6700,56700,57000,17343,9:15:42,1758,56700,57500,14500,9:15:34,200,56511,57501,404,9:15:34,200,56510,57504,1500
412,1397/7/16 9:16:02,288,56854,6700,56710,56998,500,9:16:02,2438,56709,56999,952,9:16:02,1758,56709,57000,7343,9:16:02,200,56511,57500,14500,9:16:02,200,56510,57501,404
413,1397/7/16 9:16:02,288,56854,6700,56710,56998,500,9:16:06,2438,56709,56999,1191,9:16:02,1758,56709,57000,7343,9:16:02,200,56511,57500,14500,9:16:02,200,56510,57501,404
414,1397/7/16 9:16:10,287,56854,50,56711,56998,500,9:16:10,6700,56710,56999,1191,9:16:10,2438,56710,57000,7343,9:16:10,1758,56600,57500,14500,9:16:10,200,56511,57501,404
415,1397/7/16 9:16:11,287,56854,50,56711,56998,1500,9:16:10,6700,56710,56999,1191,9:16:10,2438,56710,57000,7343,9:16:10,1758,56600,57500,14500,9:16:10,200,56511,57501,404
416,1397/7/16 9:16:20,1,56710,6700,56710,56711,268,9:16:20,2438,56709,56998,1500,9:16:20,1758,56709,56999,1191,9:16:20,200,56511,57000,7350,9:16:20,200,56510,57500,14500
417,1397/7/16 9:16:22,2,56710,5138,56709,56711,268,9:16:22,1758,56600,56998,1500,9:16:22,200,56600,56999,1191,9:16:22,200,56510,57000,7350,9:16:22,182,56502,57500,14500
418,1397/7/16 9:16:27,89,56555,200,56511,56600,2104,9:16:27,200,56510,56711,268,9:16:27,182,56510,56998,1500,9:16:27,1589,56501,56999,1191,9:16:27,3861,56500,57000,3850
419,1397/7/16 9:16:37,200,56611,200,56511,56711,268,9:16:37,200,56510,56998,1500,9:16:37,182,56510,56999,1191,9:16:37,1589,56501,57000,5954,9:16:37,3861,56500,57500,14500
420,1397/7/16 9:16:51,201,56610,200,56510,56711,268,9:16:51,182,56502,56998,1500,9:16:51,1589,56502,56999,1191,9:16:51,3861,56500,57000,5954,9:16:51,200,56300,57500,14500
421,1397/7/16 9:16:53,191,56615,1000,56520,56711,268,9:16:53,200,56510,56998,1500,9:16:53,182,56510,56999,1191,9:16:53,1589,56501,57000,5954,9:16:53,3861,56500,57500,14500
422,1397/7/16 9:16:54,191,56615,969,56520,56711,268,9:16:53,200,56510,56998,1500,9:16:53,182,56510,56999,1191,9:16:53,1589,56501,57000,5954,9:16:53,3861,56500,57500,14500
423,1397/7/16 9:17:09,191,56615,969,56520,56711,368,9:16:53,200,56510,56998,1500,9:16:53,182,56510,56999,1191,9:16:53,1589,56501,57000,5954,9:16:53,3861,56500,57500,14500
424,1397/7/16 9:17:11,80,56560,969,56520,56600,2000,9:17:11,200,56510,56711,368,9:17:11,182,56510,56998,1500,9:17:11,1589,56501,56999,1191,9:17:11,3861,56500,57000,5954
425,1397/7/16 9:17:32,80,56560,968,56520,56600,2000,9:17:11,200,56510,56711,368,9:17:11,182,56510,56998,1500,9:17:11,1589,56501,56999,1191,9:17:11,3861,56500,57000,5954
426,1397/7/16 9:17:32,80,56560,968,56520,56600,2000,9:17:34,200,56510,56711,268,9:17:11,182,56510,56998,1500,9:17:11,1589,56501,56999,1191,9:17:11,3861,56500,57000,5954
427,1397/7/16 9:17:35,100,56550,2600,56500,56600,2000,9:17:35,200,56300,56711,268,9:17:35,500,56300,56998,1500,9:17:35,50,56100,56999,1191,9:17:35,50000,56001,57000,5954
428,1397/7/16 9:17:37,20,56510,2600,56500,56520,268,9:17:37,200,56300,56600,2000,9:17:35,500,56300,56998,1500,9:17:35,50,56100,56999,1191,9:17:35,50000,56001,57000,5954
429,1397/7/16 9:17:41,200,56400,200,56300,56500,7400,9:17:41,500,56110,56520,30268,9:17:41,50,56110,56600,2000,9:17:41,50000,56001,56998,1500,9:17:41,2161,56000,56999,1191
430,1397/7/16 9:17:55,390,56305,500,56110,56500,7400,9:17:55,50,56100,56520,30268,9:17:55,50000,56100,56600,2000,9:17:55,2161,56000,56998,1500,9:17:55,30000,55601,56999,1191
431,1397/7/16 9:17:55,390,56305,500,56110,56500,7400,9:17:55,50,56100,56520,30268,9:17:55,50000,56100,56600,2000,9:17:55,2161,56000,56998,1500,9:17:56,30000,55601,56999,239
432,1397/7/16 9:17:55,390,56305,500,56110,56500,7400,9:17:55,50,56100,56520,30268,9:17:55,50000,56100,56600,2000,9:18:10,2496,56000,56998,1500,9:17:56,30000,55601,56999,239
433,1397/7/16 9:17:55,390,56305,500,56110,56500,7400,9:17:55,50,56100,56520,30268,9:18:13,300,56100,56600,2000,9:18:13,50000,56001,56998,1500,9:18:13,2496,56000,56999,239
434,1397/7/16 9:17:55,390,56305,500,56110,56500,7400,9:17:55,50,56100,56520,30268,9:18:14,5300,56100,56600,2000,9:18:13,50000,56001,56998,1500,9:18:13,2496,56000,56999,239
435,1397/7/16 9:18:20,390,56305,232,56110,56500,7400,9:18:20,50,56100,56520,30000,9:18:14,5300,56100,56600,2000,9:18:13,50000,56001,56998,1500,9:18:13,2496,56000,56999,239
436,1397/7/16 9:18:21,399,56299,50,56100,56499,952,9:18:21,5300,56002,56500,7400,9:18:21,50000,56002,56520,30000,9:18:21,2496,56000,56600,2000,9:18:21,30000,55601,56998,1500
437,1397/7/16 9:18:23,379,56309,332,56120,56499,952,9:18:23,50,56100,56500,7400,9:18:23,5300,56100,56520,30000,9:18:23,50000,56001,56600,2000,9:18:23,2496,56000,56998,1500
438,1397/7/16 9:18:32,379,56309,132,56120,56499,952,9:18:23,50,56100,56500,7400,9:18:23,5300,56100,56520,30000,9:18:23,50000,56001,56600,2000,9:18:23,2496,56000,56998,1500
439,1397/7/16 9:18:38,379,56309,113,56120,56499,952,9:18:23,50,56100,56500,7400,9:18:23,5300,56100,56520,30000,9:18:23,50000,56001,56600,2000,9:18:23,2496,56000,56998,1500
440,1397/7/16 9:18:48,379,56309,393,56120,56499,952,9:18:23,50,56100,56500,7400,9:18:23,5300,56100,56520,30000,9:18:23,50000,56001,56600,2000,9:18:48,2216,56000,56998,1500
441,1397/7/16 9:18:49,379,56309,280,56120,56499,952,9:18:23,50,56100,56500,7400,9:18:49,113,56100,56520,30000,9:18:49,5300,56002,56600,2000,9:18:49,50000,56001,56998,1500
442,1397/7/16 9:18:49,379,56309,280,56120,56499,952,9:18:23,50,56100,56500,7400,9:18:49,113,56100,56520,30000,9:18:50,6300,56002,56600,2000,9:18:49,50000,56001,56998,1500
443,1397/7/16 9:18:58,378,56310,50,56121,56499,952,9:18:58,280,56120,56500,7400,9:18:49,113,56120,56520,30000,9:18:50,6300,56002,56600,2000,9:18:49,50000,56001,56998,1500
444,1397/7/16 9:19:04,1,56120,280,56120,56121,134,9:19:04,113,56003,56499,952,9:19:04,6300,56003,56500,7400,9:19:04,50000,56001,56520,30000,9:19:04,1216,56000,56600,2000
445,1397/7/16 9:19:07,380,56310,280,56120,56500,4373,9:19:07,6300,56002,56520,30000,9:19:07,50000,56002,56600,2000,9:19:07,1216,56000,56998,1500,9:19:07,30000,55601,56999,239
446,1397/7/16 9:19:07,380,56310,280,56120,56500,4373,9:19:16,3000,56003,56520,30000,9:19:16,6300,56003,56600,2000,9:19:16,50000,56001,56998,1500,9:19:16,1216,56000,56999,239
447,1397/7/16 9:19:21,380,56310,280,56120,56500,5373,9:19:16,3000,56003,56520,30000,9:19:16,6300,56003,56600,2000,9:19:16,50000,56001,56998,1500,9:19:16,1216,56000,56999,239
448,1397/7/16 9:19:26,380,56310,500,56120,56500,5373,9:19:16,3000,56003,56520,30000,9:19:16,6300,56003,56600,2000,9:19:16,50000,56001,56998,1500,9:19:16,1216,56000,56999,239
449,1397/7/16 9:19:33,380,56310,500,56120,56500,21787,9:19:16,3000,56003,56520,30000,9:19:16,6300,56003,56600,2000,9:19:16,50000,56001,56998,1500,9:19:16,1216,56000,56999,239
450,1397/7/16 9:19:38,300,56350,100,56200,56500,21787,9:19:38,500,56120,56520,30000,9:19:38,3000,56120,56600,2000,9:19:38,6300,56002,56998,1500,9:19:38,50000,56001,56999,239
451,1397/7/16 9:19:50,300,56350,100,56200,56500,21387,9:19:38,500,56120,56520,30000,9:19:38,3000,56120,56600,2000,9:19:38,6300,56002,56998,1500,9:19:38,50000,56001,56999,239
452,1397/7/16 9:19:51,300,56350,300,56200,56500,21387,9:19:38,500,56120,56520,30000,9:19:38,3000,56120,56600,2000,9:19:38,6300,56002,56998,1500,9:19:38,50000,56001,56999,239
453,1397/7/16 9:19:51,300,56350,300,56200,56500,21387,9:19:38,500,56120,56520,30000,9:19:38,3000,56120,56600,2000,9:19:55,6300,56002,56900,1000,9:19:55,50000,56001,56998,1500
454,1397/7/16 9:19:56,299,56349,300,56200,56499,1500,9:19:56,500,56120,56500,21387,9:19:56,3000,56120,56520,30000,9:19:56,6300,56002,56600,2000,9:19:56,50000,56001,56900,1000
455,1397/7/16 9:19:56,299,56349,300,56200,56499,1500,9:20:12,500,56120,56500,21626,9:19:56,3000,56120,56520,30000,9:19:56,6300,56002,56600,2000,9:19:56,50000,56001,56900,1000
456,1397/7/16 9:19:56,299,56349,300,56200,56499,1500,9:20:12,500,56120,56500,21626,9:20:24,2000,56120,56520,30000,9:20:24,3000,56003,56600,2000,9:20:24,5300,56002,56900,1000
457,1397/7/16 9:20:29,299,56349,300,56200,56499,1686,9:20:12,500,56120,56500,21626,9:20:24,2000,56120,56520,30000,9:20:24,3000,56003,56600,2000,9:20:24,5300,56002,56900,1000
458,1397/7/16 9:20:30,299,56349,300,56200,56499,1343,9:20:12,500,56120,56500,21626,9:20:24,2000,56120,56520,30000,9:20:24,3000,56003,56600,2000,9:20:24,5300,56002,56900,1000
459,1397/7/16 9:20:35,299,56349,200,56200,56499,1343,9:20:12,500,56120,56500,21626,9:20:24,2000,56120,56520,30000,9:20:24,3000,56003,56600,2000,9:20:24,5300,56002,56900,1000
460,1397/7/16 9:20:37,299,56349,100,56200,56499,1343,9:20:12,500,56120,56500,21626,9:20:24,2000,56120,56520,30000,9:20:24,3000,56003,56600,2000,9:20:37,5300,56002,56850,1000
461,1397/7/16 9:20:38,299,56349,100,56200,56499,110,9:20:12,500,56120,56500,21626,9:20:24,2000,56120,56520,30000,9:20:24,3000,56003,56600,2000,9:20:37,5300,56002,56850,1000
462,1397/7/16 9:20:38,299,56349,100,56200,56499,110,9:20:12,500,56120,56500,21626,9:20:54,355,56120,56520,30000,9:20:54,2000,56004,56600,2000,9:20:54,3000,56003,56850,1000
463,1397/7/16 9:20:58,299,56349,1100,56200,56499,110,9:20:12,500,56120,56500,21626,9:20:54,355,56120,56520,30000,9:20:54,2000,56004,56600,2000,9:20:54,3000,56003,56850,1000
464,1397/7/16 9:20:58,299,56349,1100,56200,56499,110,9:20:12,500,56120,56500,21626,9:21:02,1855,56120,56520,30000,9:20:54,2000,56004,56600,2000,9:20:54,3000,56003,56850,1000
465,1397/7/16 9:20:58,299,56349,1100,56200,56499,110,9:21:09,500,56120,56500,22626,9:21:02,1855,56120,56520,30000,9:20:54,2000,56004,56600,2000,9:20:54,3000,56003,56850,1000
466,1397/7/16 9:21:15,299,56349,950,56200,56499,110,9:21:09,500,56120,56500,22626,9:21:02,1855,56120,56520,30000,9:20:54,2000,56004,56600,2000,9:20:54,3000,56003,56850,1000
467,1397/7/16 9:21:27,295,56351,2000,56204,56499,110,9:21:27,950,56200,56500,22626,9:21:27,500,56200,56520,30000,9:21:27,1855,56005,56600,2000,9:20:54,3000,56003,56850,1000
468,1397/7/16 9:21:31,299,56349,950,56200,56499,110,9:21:31,500,56120,56500,22626,9:21:31,1855,56120,56520,30000,9:21:31,3000,56003,56600,2000,9:21:31,10300,56002,56900,1000
469,1397/7/16 9:21:31,299,56349,950,56200,56499,110,9:21:31,500,56120,56500,22626,9:21:32,5100,56120,56520,30000,9:21:32,1855,56005,56600,2000,9:21:32,3000,56003,56900,1000
470,1397/7/16 9:21:31,299,56349,950,56200,56499,110,9:21:31,500,56120,56500,22626,9:21:32,5100,56120,56520,30000,9:21:32,1855,56005,56600,2000,9:21:42,3000,56003,56900,1240
471,1397/7/16 9:21:31,299,56349,950,56200,56499,110,9:21:31,500,56120,56500,22626,9:21:32,5100,56120,56520,30000,9:21:32,1855,56005,56600,2000,9:21:44,3000,56003,56900,240
472,1397/7/16 9:21:55,200,56300,950,56200,56400,2500,9:21:55,500,56120,56499,110,9:21:55,5100,56120,56500,22626,9:21:55,1855,56005,56520,30000,9:21:55,3000,56003,56600,2000
473,1397/7/16 9:22:15,100,56250,950,56200,56300,2400,9:22:15,500,56120,56400,2500,9:22:15,5100,56120,56499,110,9:22:15,1855,56005,56500,22626,9:22:15,3000,56003,56520,30000
474,1397/7/16 9:22:23,399,55800,30000,55601,56000,25139,9:22:23,540,55555,56300,2400,9:22:23,421,55555,56400,2500,9:22:23,226,55300,56499,110,9:22:23,75,55221,56500,22626
475,1397/7/16 9:22:25,399,55800,30000,55601,56000,25119,9:22:23,540,55555,56300,2400,9:22:23,421,55555,56400,2500,9:22:23,226,55300,56499,110,9:22:23,75,55221,56500,22626
476,1397/7/16 9:22:31,46,55578,540,55555,55601,5000,9:22:31,421,55500,56000,25119,9:22:31,226,55500,56300,2400,9:22:31,75,55221,56400,2500,9:22:31,1700,55202,56499,110
477,1397/7/16 9:22:36,445,55777,540,55555,56000,25119,9:22:36,421,55500,56300,2400,9:22:36,226,55500,56400,2500,9:22:36,75,55221,56499,110,9:22:36,1700,55202,56500,22626
478,1397/7/16 9:22:42,1100,55750,10843,55200,56300,2400,9:22:42,16521,55050,56400,2500,9:22:42,45,55050,56499,110,9:22:42,5000,55001,56500,22626,9:22:42,16607,55000,56600,2000
479,1397/7/16 9:22:49,700,55950,2000,55600,56300,2400,9:22:49,10843,55200,56400,2500,9:22:49,16521,55200,56499,110,9:22:49,45,55018,56500,22626,9:22:49,5000,55001,56600,2000
480,1397/7/16 9:22:54,800,55600,8870,55200,56000,40,9:22:54,16521,55050,56300,2400,9:22:54,45,55050,56400,2500,9:22:54,5000,55001,56499,110,9:22:54,16607,55000,56500,18653
481,1397/7/16 9:22:55,800,55600,8970,55200,56000,40,9:22:54,16521,55050,56300,2400,9:22:54,45,55050,56400,2500,9:22:54,5000,55001,56499,110,9:22:54,16607,55000,56500,18653
482,1397/7/16 9:22:55,800,55600,8970,55200,56000,40,9:22:54,16521,55050,56300,2400,9:22:54,45,55050,56400,2500,9:22:54,5000,55001,56499,110,9:22:57,14607,55000,56500,18653
483,1397/7/16 9:23:02,799,55600,5000,55201,56000,40,9:23:02,8970,55200,56300,2400,9:23:02,16521,55200,56400,2500,9:23:02,45,55018,56499,110,9:23:02,5000,55001,56500,18653
484,1397/7/16 9:23:02,799,55600,5000,55201,56000,40,9:23:04,9270,55200,56300,2400,9:23:02,16521,55200,56400,2500,9:23:02,45,55018,56499,110,9:23:02,5000,55001,56500,18653
485,1397/7/16 9:23:06,799,55600,2896,55201,56000,40,9:23:06,9630,55200,56300,2400,9:23:02,16521,55200,56400,2500,9:23:02,45,55018,56499,110,9:23:02,5000,55001,56500,18653
486,1397/7/16 9:23:12,100,56350,2560,56300,56400,2500,9:23:12,2896,55201,56499,110,9:23:12,9630,55201,56500,18653,9:23:12,16521,55050,56600,2000,9:23:12,45,55018,56900,240
487,1397/7/16 9:23:14,799,55600,2896,55201,56000,10440,9:23:14,9630,55200,56400,2500,9:23:14,16521,55200,56499,110,9:23:14,45,55018,56500,5653,9:23:14,15000,55001,56600,2000
488,1397/7/16 9:23:23,798,55601,1000,55202,56000,10440,9:23:23,2896,55201,56400,2500,9:23:23,9630,55201,56500,5653,9:23:23,16521,55050,56600,2000,9:23:23,45,55018,56900,240
489,1397/7/16 9:23:24,798,55601,1000,55202,56000,10843,9:23:23,2896,55201,56400,2500,9:23:23,9630,55201,56500,5653,9:23:23,16521,55050,56600,2000,9:23:23,45,55018,56900,240
490,1397/7/16 9:23:31,798,55601,1180,55202,56000,10843,9:23:23,2896,55201,56400,2500,9:23:23,9630,55201,56500,5653,9:23:23,16521,55050,56600,2000,9:23:23,45,55018,56900,240
491,1397/7/16 9:23:31,798,55601,1180,55202,56000,10843,9:23:23,2896,55201,56400,2500,9:23:23,9630,55201,56500,5653,9:23:23,16521,55050,56600,2000,9:23:32,45,55018,56800,522
492,1397/7/16 9:23:35,798,55601,1180,55202,56000,13238,9:23:23,2896,55201,56400,2500,9:23:23,9630,55201,56500,5653,9:23:23,16521,55050,56600,2000,9:23:32,45,55018,56800,522
493,1397/7/16 9:23:40,798,55601,1930,55202,56000,13238,9:23:23,2896,55201,56400,2500,9:23:23,9630,55201,56500,5653,9:23:23,16521,55050,56600,2000,9:23:32,45,55018,56800,522
494,1397/7/16 9:23:40,798,55601,1930,55202,56000,13238,9:23:23,2896,55201,56400,2500,9:23:23,9630,55201,56500,5653,9:23:42,16558,55050,56600,2000,9:23:32,45,55018,56800,522
495,1397/7/16 9:23:44,798,55601,1930,55202,56000,14378,9:23:23,2896,55201,56400,2500,9:23:23,9630,55201,56500,5653,9:23:42,16558,55050,56600,2000,9:23:32,45,55018,56800,522
496,1397/7/16 9:23:44,798,55601,1930,55202,56000,14378,9:23:53,2896,55201,56400,2951,9:23:23,9630,55201,56500,5653,9:23:42,16558,55050,56600,2000,9:23:32,45,55018,56800,522
497,1397/7/16 9:23:44,798,55601,1930,55202,56000,14378,9:23:54,2896,55201,56300,377,9:23:54,9630,55201,56400,2951,9:23:54,16558,55050,56500,5653,9:23:54,45,55018,56600,2000
498,1397/7/16 9:23:44,798,55601,1930,55202,56000,14378,9:23:54,2896,55201,56300,377,9:23:54,9630,55201,56400,2951,9:23:55,10000,55101,56500,5653,9:23:55,16558,55050,56600,2000
499,1397/7/16 9:24:09,797,55601,50,55203,56000,14378,9:24:09,1930,55202,56300,377,9:24:09,2896,55202,56400,2951,9:24:09,9330,55200,56500,5653,9:24:09,10000,55101,56600,2000
500,1397/7/16 9:24:17,797,55601,10050,55203,56000,14378,9:24:09,1930,55202,56300,377,9:24:09,2896,55202,56400,2951,9:24:09,9330,55200,56500,5653,9:24:09,10000,55101,56600,2000
501,1397/7/16 9:24:29,796,55602,500,55204,56000,14378,9:24:29,10050,55203,56300,377,9:24:29,1930,55203,56400,2951,9:24:29,2896,55201,56500,5653,9:24:29,9330,55200,56600,2000
502,1397/7/16 9:24:33,795,55601,500,55204,55999,157,9:24:33,10050,55203,56000,13238,9:24:33,1930,55203,56300,377,9:24:33,2896,55201,56400,2951,9:24:33,9330,55200,56500,5653
503,1397/7/16 9:24:33,795,55601,500,55204,55999,157,9:24:33,10050,55203,56000,13238,9:24:38,1930,55203,56300,2901,9:24:33,2896,55201,56400,2951,9:24:33,9330,55200,56500,5653
504,1397/7/16 9:24:43,795,55601,4500,55204,55999,157,9:24:33,10050,55203,56000,13238,9:24:38,1930,55203,56300,2901,9:24:33,2896,55201,56400,2951,9:24:33,9330,55200,56500,5653
505,1397/7/16 9:24:44,794,55602,2000,55205,55999,157,9:24:44,3800,55204,56000,13238,9:24:44,10050,55204,56300,2901,9:24:44,930,55202,56400,2951,9:24:44,2896,55201,56500,5653
506,1397/7/16 9:24:44,794,55602,2000,55205,55999,157,9:24:47,3800,55204,56000,13423,9:24:44,10050,55204,56300,2901,9:24:44,930,55202,56400,2951,9:24:44,2896,55201,56500,5653
507,1397/7/16 9:24:54,1,55204,3800,55204,55205,500,9:24:54,10050,55203,55999,157,9:24:54,930,55203,56000,13663,9:24:54,2896,55201,56300,2901,9:24:54,11830,55200,56400,451
508,1397/7/16 9:25:01,795,55601,3300,55204,55999,157,9:25:01,10050,55203,56000,13663,9:25:01,930,55203,56300,2901,9:25:01,2896,55201,56400,451,9:25:01,11830,55200,56500,5653
509,1397/7/16 9:25:01,795,55601,3300,55204,55999,157,9:25:01,10050,55203,56000,13663,9:25:06,750,55203,56300,2901,9:25:01,2896,55201,56400,451,9:25:01,11830,55200,56500,5653
510,1397/7/16 9:25:09,794,55602,2896,55205,55999,157,9:25:09,3300,55204,56000,13663,9:25:09,10050,55204,56300,2901,9:25:09,750,55202,56400,451,9:25:01,11830,55200,56500,5653
511,1397/7/16 9:25:11,745,55577,2896,55205,55950,1000,9:25:11,3300,55204,55999,157,9:25:11,10050,55204,56000,13663,9:25:11,750,55202,56300,2901,9:25:11,11830,55200,56400,451
512,1397/7/16 9:25:11,745,55577,2896,55205,55950,1000,9:25:11,3300,55204,55999,157,9:25:11,10050,55204,56000,13663,9:25:11,750,55202,56300,2901,9:25:18,11830,55200,56400,830
513,1397/7/16 9:25:11,745,55577,2896,55205,55950,1000,9:25:23,3300,55204,56000,13663,9:25:23,10050,55204,56300,2901,9:25:23,750,55202,56400,830,9:25:23,11830,55200,56500,5653
514,1397/7/16 9:25:27,745,55577,2596,55205,55950,1000,9:25:23,3300,55204,56000,13663,9:25:23,10050,55204,56300,2901,9:25:23,750,55202,56400,830,9:25:23,11830,55200,56500,5653
515,1397/7/16 9:25:37,744,55578,440,55206,55950,1000,9:25:37,2596,55205,56000,13663,9:25:37,3300,55205,56300,2901,9:25:37,10050,55203,56400,830,9:25:37,750,55202,56500,5653
516,1397/7/16 9:25:44,745,55577,440,55205,55950,1000,9:25:44,3300,55204,56000,13663,9:25:44,10050,55204,56300,2901,9:25:44,750,55202,56400,830,9:25:44,11830,55200,56500,5653
517,1397/7/16 9:25:52,740,55580,3000,55210,55950,1000,9:25:52,440,55205,56000,13663,9:25:52,3300,55205,56300,3802,9:25:52,10050,55203,56400,830,9:25:52,750,55202,56500,5653
518,1397/7/16 9:25:54,740,55580,2800,55210,55950,1000,9:25:52,440,55205,56000,13663,9:25:52,3300,55205,56300,3802,9:25:52,10050,55203,56400,830,9:25:52,750,55202,56500,5653
519,1397/7/16 9:25:54,740,55580,2800,55210,55950,1000,9:25:52,440,55205,56000,13663,9:25:56,4300,55205,56300,3802,9:25:52,10050,55203,56400,830,9:25:52,750,55202,56500,5653
520,1397/7/16 9:26:01,617,55641,20,55333,55950,1000,9:26:01,2800,55210,56000,13663,9:26:01,440,55210,56300,3802,9:26:01,4300,55204,56400,830,9:26:01,10050,55203,56500,5653
521,1397/7/16 9:26:01,617,55641,20,55333,55950,1000,9:26:14,100,55211,56000,13663,9:26:14,2800,55211,56300,3802,9:26:14,440,55205,56400,830,9:26:14,4300,55204,56500,5653
522,1397/7/16 9:26:15,617,55641,20,55333,55950,2000,9:26:14,100,55211,56000,13663,9:26:14,2800,55211,56300,3802,9:26:14,440,55205,56400,830,9:26:14,4300,55204,56500,5653
523,1397/7/16 9:26:16,122,55272,100,55211,55333,90,9:26:16,2800,55210,55950,3000,9:26:16,440,55210,56000,13663,9:26:16,4300,55204,56300,3802,9:26:16,10050,55203,56400,830
524,1397/7/16 9:26:16,122,55272,100,55211,55333,90,9:26:21,5300,55210,55950,3000,9:26:16,440,55210,56000,13663,9:26:16,4300,55204,56300,3802,9:26:16,10050,55203,56400,830
525,1397/7/16 9:26:16,122,55272,100,55211,55333,90,9:26:21,5300,55210,55950,3000,9:26:32,440,55210,56000,13822,9:26:16,4300,55204,56300,3802,9:26:16,10050,55203,56400,830
526,1397/7/16 9:26:39,83,55291,2000,55250,55333,2090,9:26:39,100,55211,55950,3000,9:26:39,5300,55211,56000,13822,9:26:39,440,55205,56300,3802,9:26:39,4300,55204,56400,830
527,1397/7/16 9:26:39,83,55291,2000,55250,55333,2090,9:26:49,1000,55214,55950,3000,9:26:49,100,55214,56000,13822,9:26:49,5300,55210,56300,3802,9:26:49,440,55205,56400,830
528,1397/7/16 9:26:53,36,55232,1000,55214,55250,176,9:26:53,100,55211,55333,2090,9:26:53,5300,55211,55950,3000,9:26:53,440,55205,56000,13822,9:26:53,3300,55204,56300,3802
529,1397/7/16 9:27:01,113,55276,3000,55220,55333,2090,9:27:01,824,55214,55950,3000,9:27:01,100,55214,56000,13822,9:27:01,5300,55210,56300,3802,9:27:01,440,55205,56400,830
530,1397/7/16 9:27:08,112,55277,100,55221,55333,2090,9:27:08,2954,55220,55950,3000,9:27:08,824,55220,56000,13822,9:27:01,5300,55210,56300,3802,9:27:01,440,55205,56400,830
531,1397/7/16 9:27:11,113,55276,659,55220,55333,2090,9:27:11,824,55214,55950,3000,9:27:11,5300,55214,56000,11427,9:27:11,440,55205,56100,2000,9:27:11,3300,55204,56300,3802
532,1397/7/16 9:27:17,113,55276,3959,55220,55333,2090,9:27:11,824,55214,55950,3000,9:27:11,5300,55214,56000,11427,9:27:11,440,55205,56100,2000,9:27:17,10050,55203,56300,3802
533,1397/7/16 9:27:21,113,55276,3359,55220,55333,2090,9:27:11,824,55214,55950,3000,9:27:11,5300,55214,56000,11427,9:27:11,440,55205,56100,2000,9:27:17,10050,55203,56300,3802
534,1397/7/16 9:27:23,113,55276,5459,55220,55333,2090,9:27:23,824,55214,55950,2000,9:27:23,5300,55214,56000,11427,9:27:23,440,55205,56100,2000,9:27:23,10050,55203,56300,3802
535,1397/7/16 9:27:25,113,55276,5459,55220,55333,3690,9:27:23,824,55214,55950,2000,9:27:23,5300,55214,56000,11427,9:27:23,440,55205,56100,2000,9:27:23,10050,55203,56300,3802
536,1397/7/16 9:27:25,113,55276,5459,55220,55333,3690,9:27:23,824,55214,55950,2000,9:27:27,5300,55214,56000,14927,9:27:23,440,55205,56100,2000,9:27:23,10050,55203,56300,3802
537,1397/7/16 9:27:25,113,55276,5459,55220,55333,3690,9:27:23,824,55214,55950,2000,9:27:28,90,55214,56000,14927,9:27:28,5300,55210,56100,2000,9:27:28,440,55205,56300,3802
538,1397/7/16 9:27:35,6,55217,824,55214,55220,541,9:27:35,90,55211,55333,3690,9:27:35,5300,55211,55950,2000,9:27:35,440,55205,56000,14927,9:27:35,10050,55203,56100,2000
539,1397/7/16 9:27:41,6,55217,824,55214,55220,101,9:27:35,90,55211,55333,3690,9:27:35,5300,55211,55950,2000,9:27:41,10050,55203,56000,14927,9:27:41,750,55202,56100,2000
540,1397/7/16 9:27:47,113,55276,99,55220,55333,3690,9:27:47,824,55214,55950,2000,9:27:47,90,55214,56000,14927,9:27:47,5300,55210,56100,2000,9:27:47,10050,55203,56300,3802
541,1397/7/16 9:27:53,6,55217,824,55214,55220,1901,9:27:53,90,55211,55333,1690,9:27:53,5300,55211,55950,2000,9:27:53,10050,55203,56000,14927,9:27:53,750,55202,56100,2000
542,1397/7/16 9:27:53,6,55217,824,55214,55220,1901,9:27:53,90,55211,55333,1690,9:27:53,5300,55211,55950,2000,9:27:53,10050,55203,56000,14927,9:27:54,750,55202,56120,2000
543,1397/7/16 9:27:55,113,55276,13520,55220,55333,1690,9:27:55,824,55214,55950,2000,9:27:55,90,55214,56000,14927,9:27:55,5300,55210,56120,2000,9:27:55,10050,55203,56300,3802
544,1397/7/16 9:28:01,113,55276,13520,55220,55333,1590,9:27:55,824,55214,55950,2000,9:27:55,90,55214,56000,14927,9:27:55,5300,55210,56120,2000,9:27:55,10050,55203,56300,3802
545,1397/7/16 9:28:01,113,55276,13520,55220,55333,1590,9:28:02,824,55214,55900,239,9:28:02,90,55214,55950,2000,9:28:02,5300,55210,56000,14927,9:28:02,10050,55203,56120,2000
546,1397/7/16 9:28:01,113,55276,13520,55220,55333,1590,9:28:03,7824,55214,55900,239,9:28:02,90,55214,55950,2000,9:28:02,5300,55210,56000,14927,9:28:02,10050,55203,56120,2000
547,1397/7/16 9:28:04,113,55276,13320,55220,55333,1590,9:28:03,7824,55214,55900,239,9:28:02,90,55214,55950,2000,9:28:02,5300,55210,56000,14927,9:28:02,10050,55203,56120,2000
548,1397/7/16 9:28:05,113,55276,15219,55220,55333,1590,9:28:03,7824,55214,55900,239,9:28:02,90,55214,55950,2000,9:28:02,5300,55210,56000,14927,9:28:02,10050,55203,56120,2000
549,1397/7/16 9:28:05,113,55276,15219,55220,55333,1590,9:28:09,7824,55214,55950,2000,9:28:09,90,55214,56000,14927,9:28:09,5300,55210,56120,2000,9:28:09,10050,55203,56300,3802
550,1397/7/16 9:28:13,113,55276,15579,55220,55333,1590,9:28:09,7824,55214,55950,2000,9:28:09,90,55214,56000,14927,9:28:09,5300,55210,56120,2000,9:28:09,10050,55203,56300,3802
551,1397/7/16 9:28:15,113,55276,15579,55220,55333,1490,9:28:09,7824,55214,55950,2000,9:28:09,90,55214,56000,14927,9:28:09,5300,55210,56120,2000,9:28:09,10050,55203,56300,3802
552,1397/7/16 9:28:30,112,55277,300,55221,55333,1490,9:28:30,15579,55220,55950,2000,9:28:30,7824,55220,56000,14927,9:28:30,90,55211,56120,2000,9:28:30,5300,55210,56300,3802
553,1397/7/16 9:28:36,112,55277,300,55221,55333,1190,9:28:30,15579,55220,55950,2000,9:28:30,7824,55220,56000,14927,9:28:30,90,55211,56120,2000,9:28:30,5300,55210,56300,3802
554,1397/7/16 9:28:45,112,55277,1300,55221,55333,1190,9:28:30,15579,55220,55950,2000,9:28:30,7824,55220,56000,14927,9:28:30,90,55211,56120,2000,9:28:30,5300,55210,56300,3802
555,1397/7/16 9:28:46,111,55277,3000,55222,55333,1190,9:28:46,1300,55221,55950,2000,9:28:46,15579,55221,56000,14927,9:28:46,7824,55214,56120,2000,9:28:46,90,55211,56300,3802
556,1397/7/16 9:28:53,103,55281,2800,55230,55333,1190,9:28:53,3000,55222,55950,2000,9:28:53,1300,55222,56000,14927,9:28:53,15579,55220,56120,2000,9:28:53,7824,55214,56300,3802
557,1397/7/16 9:29:02,103,55281,2830,55230,55333,2190,9:28:53,3000,55222,55950,2000,9:28:53,1300,55222,56000,14927,9:28:53,15579,55220,56120,2000,9:28:53,7824,55214,56300,3802
558,1397/7/16 9:29:02,103,55281,2830,55230,55333,2190,9:28:53,3000,55222,55950,2000,9:29:04,14620,55222,56000,14927,9:29:04,2259,55220,56120,2000,9:28:53,7824,55214,56300,3802
559,1397/7/16 9:29:06,103,55281,2830,55230,55333,5690,9:28:53,3000,55222,55950,2000,9:29:06,14620,55222,56000,11427,9:29:04,2259,55220,56120,2000,9:28:53,7824,55214,56300,3802
560,1397/7/16 9:29:08,99,55283,824,55234,55333,5690,9:29:08,2830,55230,55950,2000,9:29:08,3000,55230,56000,11427,9:29:08,14620,55221,56120,2000,9:29:08,2259,55220,56300,3802
561,1397/7/16 9:29:08,99,55283,824,55234,55333,5690,9:29:12,3830,55230,55950,2000,9:29:08,3000,55230,56000,11427,9:29:08,14620,55221,56120,2000,9:29:08,2259,55220,56300,3802
562,1397/7/16 9:29:14,99,55283,824,55234,55333,5190,9:29:12,3830,55230,55950,2000,9:29:08,3000,55230,56000,11427,9:29:08,14620,55221,56120,2000,9:29:08,2259,55220,56300,3802
563,1397/7/16 9:29:19,98,55284,300,55235,55333,5190,9:29:19,824,55234,55950,2000,9:29:19,3830,55234,56000,11427,9:29:19,3000,55222,56120,2000,9:29:19,14320,55221,56300,3802
564,1397/7/16 9:29:21,98,55284,300,55235,55333,4830,9:29:19,824,55234,55950,2000,9:29:19,3830,55234,56000,11427,9:29:19,3000,55222,56120,2000,9:29:19,14320,55221,56300,3802
565,1397/7/16 9:29:25,98,55284,300,55235,55333,4630,9:29:19,824,55234,55950,2000,9:29:19,3830,55234,56000,11427,9:29:19,3000,55222,56120,2000,9:29:19,14320,55221,56300,3802
566,1397/7/16 9:29:28,98,55284,300,55235,55333,4487,9:29:19,824,55234,55950,2000,9:29:19,3830,55234,56000,11427,9:29:19,3000,55222,56120,2000,9:29:19,14320,55221,56300,3802
567,1397/7/16 9:29:28,98,55284,300,55235,55333,4487,9:29:19,824,55234,55950,2000,9:29:29,7000,55234,56000,11427,9:29:29,3830,55230,56120,2000,9:29:29,3000,55222,56300,3802
568,1397/7/16 9:29:34,617,55641,2333,55333,55950,2000,9:29:34,300,55235,56000,11427,9:29:34,824,55235,56120,2000,9:29:34,7000,55231,56300,3802,9:29:34,3830,55230,56400,830
569,1397/7/16 9:29:34,617,55641,2333,55333,55950,2000,9:29:37,50,55250,56000,11427,9:29:37,300,55250,56120,2000,9:29:37,824,55234,56300,3802,9:29:37,7000,55231,56400,830
570,1397/7/16 9:29:48,617,55641,2315,55333,55950,2000,9:29:37,50,55250,56000,11427,9:29:37,300,55250,56120,2000,9:29:37,824,55234,56300,3802,9:29:37,7000,55231,56400,830
571,1397/7/16 9:29:55,616,55642,100,55334,55950,2000,9:29:55,2315,55333,56000,11427,9:29:55,50,55333,56120,2000,9:29:55,300,55235,56300,3802,9:29:55,824,55234,56400,830
572,1397/7/16 9:29:55,616,55642,100,55334,55950,2000,9:30:04,2315,55333,56000,987,9:30:04,50,55333,56111,10440,9:30:04,300,55235,56120,2000,9:30:04,824,55234,56300,3802
573,1397/7/16 9:29:55,616,55642,100,55334,55950,2000,9:30:04,2315,55333,56000,987,9:30:12,2500,55333,56111,10440,9:30:12,50,55250,56120,2000,9:30:12,300,55235,56300,3802
574,1397/7/16 9:29:55,616,55642,100,55334,55950,2000,9:30:18,2315,55333,56000,1187,9:30:12,2500,55333,56111,10440,9:30:12,50,55250,56120,2000,9:30:12,300,55235,56300,3802
575,1397/7/16 9:30:21,616,55642,924,55334,55950,2000,9:30:18,2315,55333,56000,1187,9:30:12,2500,55333,56111,10440,9:30:12,50,55250,56120,2000,9:30:12,300,55235,56300,3802
576,1397/7/16 9:30:21,616,55642,924,55334,55950,2000,9:30:26,2315,55333,55999,157,9:30:26,2500,55333,56000,1187,9:30:26,50,55250,56111,10440,9:30:26,300,55235,56120,2000
577,1397/7/16 9:30:28,221,55444,724,55334,55555,3000,9:30:28,2315,55333,55950,2000,9:30:28,2500,55333,55999,157,9:30:28,50,55250,56000,1187,9:30:28,300,55235,56111,10440
578,1397/7/16 9:30:33,220,55445,71,55335,55555,3000,9:30:33,724,55334,55950,2000,9:30:33,2315,55334,55999,157,9:30:33,2500,55300,56000,1187,9:30:33,50,55250,56111,10440
579,1397/7/16 9:30:33,220,55445,71,55335,55555,3000,9:30:44,1624,55334,55950,2000,9:30:33,2315,55334,55999,157,9:30:33,2500,55300,56000,1187,9:30:33,50,55250,56111,10440
580,1397/7/16 9:30:50,220,55445,2071,55335,55555,3000,9:30:44,1624,55334,55950,2000,9:30:33,2315,55334,55999,157,9:30:33,2500,55300,56000,1187,9:30:33,50,55250,56111,10440
581,1397/7/16 9:30:55,220,55445,2071,55335,55555,4500,9:30:44,1624,55334,55950,2000,9:30:33,2315,55334,55999,157,9:30:33,2500,55300,56000,1187,9:30:33,50,55250,56111,10440
582,1397/7/16 9:30:56,220,55445,2071,55335,55555,2500,9:30:44,1624,55334,55950,2000,9:30:33,2315,55334,55999,157,9:30:33,2500,55300,56000,1187,9:30:33,50,55250,56111,10440
583,1397/7/16 9:31:04,215,55447,100,55340,55555,2500,9:31:04,2071,55335,55950,2000,9:31:04,1624,55335,55999,157,9:31:04,2315,55333,56000,1187,9:31:04,2500,55300,56111,10440
584,1397/7/16 9:31:04,215,55447,100,55340,55555,2500,9:31:08,4386,55335,55950,2000,9:31:04,1624,55335,55999,157,9:31:08,2500,55300,56000,1187,9:31:08,50,55250,56111,10440
585,1397/7/16 9:31:04,215,55447,100,55340,55555,2500,9:31:12,1890,55336,55950,2000,9:31:12,4386,55336,55999,157,9:31:12,2024,55334,56000,1187,9:31:12,2500,55300,56111,10440
